4559 5625
516 508 864 588 λαγχάνειν.
911 504 1074 571 Ου’δὲ
1097 508 1238 586 ’γὰρ
1285 514 1362 570 ἐν
1403 513 1503 592 τῷ
1545 506 1627 571 νὸ
1645 534 1750 589 μςο
1793 514 1918 570 ἔστι
1961 522 2072 570 σοι.
2119 504 2264 571 οὐδὲ
2304 508 2433 586 γάρ
2477 515 2635 573 ἐστιν
2676 515 2756 571 ἐν
2794 512 2997 587 γένει
3039 524 3137 571 σοι
3176 506 3567 587 ἧᾶνὲρωκος
3606 506 3753 574 odet
3792 508 4141 589 θεράπαινα

515 626 586 689 ἐξ
627 614 719 682 οὖν
762 618 838 681 σύ
883 624 1086 695 λέγειςς
1132 624 1202 679 οὶ
1244 623 1318 679 δὲ
1357 615 1578 694 νόμοι
1618 616 1914 679 τούτων
1953 617 2369 681 κελεύουσι
2407 619 2542 698 τὴν
2584 624 2855 685 δίωξιν
2895 618 3119 681 εἶναι.
3162 614 3303 681 ὅστ’
3344 625 3403 681 el
3444 627 3637 695 δωμεῖ
3676 626 3774 683 ἐπὶ
3814 626 4149 703 Παλλαδίῳ

517 728 708 793 αὐτὸς
751 735 859 791 καὶ
901 726 940 806 ἦ
983 728 1144 805 γυνὴ
1187 733 1295 789 καὶ
1335 726 1414 788 τὰ
1455 732 1702 794 nalem.
1723 776 1744 795 .
1767 774 1816 803 .,
1859 732 2082 805 χείρων
2124 752 2188 790 τε
2228 726 2427 797 δόξεις
2466 738 2721 791 πολλοῖς
2758 730 2937 804 εἶναι,
2979 724 3101 789 κᾶν
3139 734 3249 805 μὲν
3290 724 3595 806 ἀποφύγῃ
3640 726 3693 791 ὅ
3717 736 4151 809 ἐπιωρκηκέναι

521 841 632 903 ἐὰν
672 844 740 901 δὲ
780 844 940 917 ἕλης,
983 835 1298 915 φθονήσει.
1345 832 1478 899 ἀλλ’
1525 834 1680 913 ὑπὲρ
1726 841 2014 913 σεαυτοῦ,
2057 844 2170 899 καὶ
2209 842 2319 915 τῆς
2362 842 2562 901 οἰκίας
2602 834 3107 915 ἀφοσιωσάμενος
3148 837 3235 901 ὥς
3270 837 3477 922 ῥᾷστα
3518 837 3631 915 τὴν
3672 838 4007 916 συμφορὰν
4040 845 4149 917 φέ-

516 974 663 1026 ρειν,
706 945 870 1025 ἄλλῃ
901 954 998 1023 et,
1020 953 1078 1008 εἴ
1093 968 1176 1025 πῃ
1217 944 1430 1023 βούλει
1471 952 1755 1023 τιμωροῦ.
1801 951 2000 1008 ταῦτα
2021 943 2329 1014 ἀκούσας.
2352 996 2372 1015 .
2396 997 2415 1017 .
2467 946 2887 1027 ἐβουλευόμην
2925 947 3075 1023 μετὰ
3112 952 3241 1010 τῶν
3262 953 3489 1024 φίλων,
3512 943 3607 1009 ὅτι
3625 946 3745 1027 χρή
3765 974 3837 1025 με
3856 960 4096 1017 ποιεῖν..
4121 1001 4135 1015 .

517 1056 562 1121 ἃ
599 1054 722 1121 δ’ἐκ
763 1062 889 1119 τοῖν
929 1055 1138 1132 νόμων
1181 1051 1380 1117 οὐκέτι
1418 1080 1520 1132 μοι
1561 1059 1886 1132 προσῆκεν,
1929 1053 2199 1132 ἡσυχίαν
2239 1060 2424 1133 εἶχον.
2496 1057 2813 1121 Kelados
2852 1058 2997 1137 γὰρ
3042 1056 3077 1119 ὁ
3121 1056 3366 1133 νόμος
3404 1056 3589 1119 τούς
3631 1055 4153 1135 προσήκοντας

517 1158 902 1236 &ne-&Aren
941 1171 1156 1242 μέχρι
1195 1161 1628 1240 ἀνεψιαδῶν
1668 1171 1776 1226 καὶ
1817 1171 1884 1226 ἐν
1923 1170 2015 1247 τῷ
2055 1161 2224 1249 ὅρκῳ
2267 1172 2611 1244 διορίὸετωι,
2672 1163 2768 1229 Sa
2809 1164 3137 1245 προσήκων
3180 1173 3305 1229 ἐστὶ
3344 1163 3467 1229 κᾶν
3522 1173 3757 1245 οἰκέτης
3794 1162 3859 1245 ᾖ,
3912 1165 4152 1229 τούτων

511 1276 622 1340 τὰς·
661 1274 1002 1355 ἐπισκήψεις
1041 1277 1210 1337 εἷναι.
1269 1325 1287 1341 .
1310 1326 1326 1343 .
1352 1274 1734 1350 ,ψεύσασθαι
1775 1281 1844 1337 δὲ
1883 1274 2036 1353 πρὸς
2075 1273 2272 1353 ὑμᾶς.
2298 1327 2316 1343 .
2340 1326 2357 1344 .
2390 1274 2511 1338 οὐκ
2553 1273 2637 1339 ἄν
2678 1276 3038 1355 ἐτόλμησέ.
3126 1280 3347 1341 Homo·
3372 1278 3617 1356 quidam
3663 1281 3849 1356 ignoti
3890 1280 4149 1341 nominis

510 1390 630 1451 hac
671 1390 942 1451 oratione
981 1389 1284 1465 Euergam
1329 1396 1389 1449 et
1429 1388 1832 1449 Mnesibulum
1875 1390 2011 1449 falsi
2055 1389 2381 1450 testimonii
2424 1398 2694 1451 accusat.
2781 1389 2883 1450 Ad
2924 1404 3131 1451 mores
3176 1404 3390 1451 eorum
3432 1388 3873 1451 describendos
3914 1398 4151 1451 enarrat

513 1500 746 1561 facinus
789 1500 868 1560 ab
909 1500 1028 1559 illis
1073 1499 1286 1575 paucis
1311 1498 1530 1559 diebus
1573 1506 1712 1558 ante
1733 1505 2159 1575 perpetratum.
2219 1498 2440 1561 Orator
2479 1499 2611 1561 scil.
2634 1499 2979 1577 propinquo
3024 1499 3277 1560 cuidam·
3306 1516 3519 1561 eorum
3562 1506 3788 1559 certam
3830 1500 4147 1577 pecuniam

511 1609 736 1681 debuit,
779 1616 842 1669 et
882 1624 1254 1686 quamquam
1297 1608 1456 1668 hanc
1519 1616 1793 1685 paratam
1837 1624 1984 1669 esse
2021 1609 2106 1669 illi
2141 1608 2270 1684 ,iam
2316 1608 2699 1681 indicaverat,
2768 1617 2965 1671 tamen
2996 1608 3284 1686 Euergus
3342 1616 3403 1669 et
3445 1610 3561 1670 Mn.
3618 1610 3679 1671 in
3718 1610 3969 1671 domum
4012 1609 4149 1685 eJus
4182 1580 4191 1594 ¹

510 1721 844 1797 irrumpunt
885 1724 1070 1795 atque
1111 1733 1183 1779 se
1224 1718 1476 1794 pignora
1514 1734 1626 1794 pro
1669 1716 2020 1781 necessario
2063 1734 2285 1795 capere
2326 1718 2787 1795 praetendentes
2829 1719 3026 1781 ferunt
3066 1728 3391 1797 aguntque,
3434 1734 3843 1797 quaecunque
3880 1720 4145 1795 arripere

511 1836 808 1907 possunt:
899 1826 1068 1888 vixit
1109 1828 1166 1887 in
1211 1828 1396 1889 domo
1441 1828 1540 1888 illa
1584 1844 1740 1889 anus
1783 1828 2103 1906 quaedam,
2171 1829 2316 1891 olim
2358 1830 2557 1889 nutrix
2602 1829 2863 1891 oratoris
2906 1830 3115 1891 nostri.
3226 1830 3419 1891 Serva
3476 1830 3685 1900 suerat,
3748 1828 3861 1889 sed
3898 1829 4026 1905 ,iam
4070 1828 4147 1888 ab

510 1938 702 2015 hujus
747 1946 919 2015 patre
957 1938 1333 2030 manumissa
1375 1944 1520 2009 erat,
1565 1946 1626 1997 et
1677 1956 1868 2016 quum
1910 1938 2269 1999 matrimonii
2310 1953 2523 1999 causa
2565 1955 2677 2015 per
2716 1938 2967 2015 aliquod
3028 1946 3269 2016 tempus
3324 1939 3511 2001 domo
3564 1940 3878 2011 abmisset,
3934 1938 4149 1999 marito

515 2054 760 2110 mortuo
804 2050 962 2109 ultro
1005 2046 1280 2109 redierat.
1387 2048 1556 2123 Quae
1597 2048 1846 2124 quidem
1889 2050 2058 2111 viros
2099 2048 2238 2109 illos
2281 2048 2487 2109 omnia
2550 2049 2787 2109 auferre
2828 2048 3045 2109 videns
3097 2050 3385 2127 poculum
3430 2050 3567 2109 sinu
3620 2048 3917 2121 condidit3
3982 2046 4153 2125 quod

517 2174 706 2235 quum
740 2158 923 2235 jussa
964 2159 1041 2218 ab
1063 2158 1302 2233 Euergo
1349 2162 1408 2218 et
1427 2159 1544 2219 Mn.
1589 2158 1827 2219 tradere
1869 2160 2072 2230 nollet,
2099 2157 2256 2219 adeo
2302 2158 2379 2217 ab
2424 2158 2497 2217 iis
2540 2158 2858 2220 verberata
2902 2167 3015 2231 est,
3058 2166 3126 2220 ut
3148 2159 3361 2235 paucis
3403 2156 3893 2219 hebdomadibus
3936 2164 4154 2233 postea

518 2276 870 2329 moreretur.
930 2268 1062 2328 Jam
1109 2274 1312 2328 orator
1351 2274 1562 2329 noster
1602 2276 1892 2345 exegetas
1935 2268 2080 2329 adiit
2121 2268 2612 2343 interrogaturus»,
2635 2266 2783 2346 quid
2826 2268 2941 2329 sibi
2986 2270 3043 2329 in
3088 2266 3209 2329 hac
3247 2284 3317 2329 re
3356 2266 3696 2329 faciendum
3740 2275 3924 2339 esset,
3968 2275 4153 2343 atque

517 2376 890 2455 respondent
931 2377 1030 2449 illi,
1075 2387 1238 2453 quae
1281 2378 2020 2455 supra·transcripsimus‚
2128 2382 2403 2454 Apparet
2440 2378 2643 2439 statim
2709 2378 3066 2451 locutioneS,
3110 2378 3193 2439 de
3256 2378 3483 2455 quibus
3540 2384 3767 2453 agatur,
3832 2377 4153 2453 ambiguas

519 2501 662 2549 esse
702 2480 880 2563 (οὐδὲ
919 2488 988 2545 ἐν
1025 2487 1118 2565 τῷ
1155 2481 1326 2566 νόμῳ
1369 2488 1497 2546 ἐστι·
1535 2498 1634 2547 σοι
1677 2485 1846 2562 etc.);
1905 2489 2279 2565 interpretari
2322 2503 2695 2565 possumus:
2762 2504 2905 2564 „per
2945 2488 3140 2564 legem
3192 2488 3299 2549 tibi
3342 2502 3465 2549 non
3506 2488 3679 2549 licet“
3722 2495 3783 2548 et
3820 2488 3993 2564 „lege
4030 2502 4153 2549 nen

519 2596 808 2674 cogeris“.
905 2597 1101 2672 Quum
1145 2602 1346 2657 autem
1391 2598 1472 2659 illi
1506 2597 1664 2674 juris
1709 2598 1866 2659 sacri
1909 2598 2264 2675 interpretes
2309 2599 2553 2658 omnino
2610 2603 2853 2675 ponant,
2898 2614 3091 2675 posse
3132 2604 3435 2659 oratorem
3476 2605 3753 2659 nostrum
3809 2596 4149 2659 homicidas

515 2709 576 2767 in
615 2707 724 2783 jus
767 2722 1008 2779 vocare,
1054 2706 1389 2769 Hornius
1457 2706 1616 2771 hanc
1656 2708 2058 2785 posteriorem
2122 2706 2669 2785 interpretationem
2710 2708 2889 2769 unice
2950 2715 3177 2769 rectam
3218 2722 3365 2769 esse
3416 2714 3655 2782 censet3
3722 2708 3911 2769 verba
3972 2708 4149 2767 etiam

518 2820 805 2892 ,,χείρων.
827 2861 846 2882 .
870 2812 1238 2894 ,φθονήειειιε
1279 2819 1452 2879 aliter
1491 2819 1736 2896 intelligi
1775 2835 1894 2880 non
1936 2833 2129 2896 posse
2173 2819 2493 2880 existimat.
2538 2821 2837 2890 Attamen,
2882 2819 3212 2895 quominus
3254 2833 3395 2878 cum
3418 2835 3495 2880 eo
3538 2817 3849 2890 faciamus,
3874 2818 4145 2896 primum,

518 2944 679 3006 quae
722 2933 1078 3004 sequuntur,
1124 2927 1314 2990 verba
1356 2929 1704 3006 impediunt.
1813 2929 2132 2990 Manifesta
2175 2943 2254 2990 ex
2300 2929 2375 2988 iis
2432 2935 2699 3007 apparet,
2746 2929 2805 2988 in
2842 2926 3241 3004 jurejurando
3306 2943 3515 2988 coram
3572 2927 3888 3004 jndicibus
3946 2925 4146 2988 dando

518 3033 786 3099 additum
830 3053 991 3111 esse,
1035 3038 1322 3100 interfecti
1361 3040 1767 3116 propinquum
1814 3041 1909 3099 vel
1955 3038 2266 3099 dominum
2312 3053 2457 3100 esse
2500 3045 2938 3099 accusatorem.
3038 3037 3359 3112 Quomodo
3403 3037 3525 3100 hoc
3568 3038 3696 3098 fieri
3741 3037 3952 3116 potuit,
3996 3037 4051 3098 si
4092 3041 4153 3096 et

518 3147 651 3207 aliis
689 3147 796 3223 jus
841 3155 968 3208 erat
1009 3147 1373 3208 accusandi?
1457 3149 1648 3224 Quam
1693 3147 2101 3210 difficultatem
2145 3149 2218 3209 H.
2266 3145 2513 3225 quidem
2555 3161 2873 3208 removere
2916 3146 3118 3208 studet
3161 3147 3531 3224 conJectanS,
3592 3163 3715 3209 non
3759 3165 3919 3226 opus
3964 3147 4155 3208 fuisse

517 3257 981 3319 accasatoribus
1025 3257 1168 3318 illud
1213 3257 1454 3322 addere.
1495 3259 1612 3318 -sed
1655 3257 1904 3320 licuisse
1945 3267 2193 3331 tantum,
2239 3265 2307 3320 ut
2348 3253 2953 3332 πολυπραγμοσύνης
2993 3256 3277 3318 invidiam
3332 3257 3605 3334 effligere
3644 3263 3919 3334 possent.
4028 3253 4153 3316 Sed

509 3367 639 3428 ‘hoc
683 3368 905 3441 credat,
951 3369 1056 3444 qui
1100 3375 1318 3443 potest.
1419 3367 1570 3442 Quid
1617 3377 1924 3444 praeterea
1969 3369 2086 3429 sibi
2137 3371 2355 3430 volunt
2394 3368 2585 3428 verba
2638 3362 3025 3441 ,ψεύσασθαι
3065 3371 3131 3426 δὲ
3187 3363 3339 3440 πρὸς
3376 3363 3541 3441 ὑμᾶς
3582 3365 3834 3442 sequ.“'i
3939 3365 4153 3426 Nonne

519 3478 760 3538 disertis
803 3477 1013 3539 verbis
1059 3484 1262 3538 orator
1303 3477 1540 3548 indicat,
1587 3493 1675 3548 se,
1717 3478 1834 3538 nisi
1877 3477 2142 3554 pem‘urio
2191 3478 2439 3554 judices
2482 3478 2846 3554 decepisset,
2902 3476 3109 3538 caedis
3154 3479 3451 3538 actionem
3510 3475 3821 3536 instituere
3872 3491 3995 3536 non
4038 3491 4151 3552 po·

517 3588 752 3648 tuisse?
815 3588 963 3648 Eam
1013 3603 1158 3648 vero
1201 3587 1390 3664 hujus
1435 3587 1766 3648 sententiae
1805 3587 2373 3665 interpretationem,
2441 3603 2627 3664 quam
2669 3587 2741 3646 H.
2788 3587 2847 3646 in
2910 3585 3177 3646 medium
3244 3587 3472 3664 proten
3510 3585 3597 3660 (p.
3648 3580 3768 3656 1⁷),
3812 3584 4147 3658 „adversus

522 3713 636 3757 vos
681 3705 882 3757 autem
927 3699 1176 3770 mentiri,
1221 3697 1281 3758 id
1325 3697 1496 3776 quod
1537 3713 1798 3758 necesse
1841 3698 2075 3770 fuisset,
2117 3705 2189 3758 ut
2229 3697 2431 3758 officio
2478 3705 2731 3758 coactus
2776 3711 2923 3756 esse
2966 3695 3203 3758 viderer
3240 3711 3397 3758 neve
3438 3694 3495 3754 in
3554 3689 4150 3769 πολυπραγμοσύνης

519 3806 800 3866 invidiam
845 3807 1208 3868 inciderem“
1251 3808 1356 3868 vix
1381 3823 1749 3885 quemquam
1795 3809 2188 3886 probaturum
2213 3823 2355 3868 esse
2379 3815 2562 3884 puto;
2608 3823 2747 3868 nam
2770 3806 3075 3884 ejusmodi
3096 3804 3480 3884 aposiopesis
3522 3804 3663 3866 ferri
3685 3821 3807 3866 non
3826 3807 4043 3880 potest.
4064 3827 4149 3842 --

519 3917 728 3978 Altera
771 3917 952 3978 etiam
993 3917 1224 3978 ratione
1267 3917 1488 3980 ductus
1533 3919 1791 3980 Hornii
1837 3919 2179 3996 opinionem
2222 3917 2508 3994 reprobo.
2594 3919 2839 3980 Scimus
2880 3917 3159 3978 videlicet
3178 3917 3466 3991 Harpocr.
3511 3921 3759 3979 auctore
3798 3911 3930 3972 fieri
3970 3918 4151 3988 potu·-

521 4029 667 4099 isse,
712 4035 778 4087 ut
832 4027 1160 4104 propinqui
1203 4033 1454 4105 accepta
1508 4029 1765 4106 pecunia
1807 4025 2204 4106 (ὑποφόνιον)
2249 4027 2617 4092 homicidam
2676 4029 2963 4104 persequi
3008 4027 3347 4092 omitterent
3386 4025 3471 4101 (p.
3516 4023 3641 4085 290
3696 4014 4019 4095 ὁποφόηα
4076 4015 4154 4078 τὰ

522 4141 620 4196 ἐπὶ
661 4132 840 4217 φόνῳ
884 4131 1171 4210 διδόμενα
1209 4131 1494 4213 χρήματα
1553 4148 1680 4198 τοϊς
1721 4142 1964 4202 οἰκείοις
2004 4141 2123 4206 vovi
2179 4143 2588 4214 φονευθέντος
2628 4133 2752 4197 ὑπὸ
2796 4139 2911 4197 τοῦ
2966 4133 3081 4212 τὴν
3134 4137 3345 4194 αἰτίαν
3362 4155 3365 4160 ·
3382 4139 3641 4206 ἔχοντος,
3704 4124 3797 4189 ὅτι
3850 4123 4156 4206 ἀνῄρηκεν

527 4251 626 4308 ἐπὶ
668 4250 760 4328 τῷ
796 4246 882 4324 μὴ
923 4251 1350 4322 ἐπεξέρχεσθαι
1389 4251 1538 4324 μηδὲ
1573 4251 1862 4323 γενέσθαι
1901 4245 2016 4324 τὴν
2053 4251 2173 4308 mv·
2211 4243 2421 4324 φόνου
2464 4245 2685 4324 δίκην),
2781 4249 2917 4310 Non
2958 4245 3203 4324 quidem
3246 4244 3453 4323 liquet,
3496 4249 3700 4304 utrum
3734 4241 3858 4302 hoc
3900 4239 3979 4300 ad
4022 4255 4154 4298 om-

519 4359 618 4418 nia
663 4358 869 4420 caedis
913 4375 1134 4435 genera
1177 4375 1252 4419 an
1297 4359 1374 4420 ad
1419 4361 1614 4420 solam
1659 4360 1908 4420 caedem
1953 4359 2413 4420 involuntariam
2456 4355 2837 4420 referendum
2884 4359 2976 4428 sit,
3022 4354 3137 4416 sed
3178 4356 3527 4418 alterutrum
3562 4359 3855 4428 putemus
3898 4365 4159 4412 necesse

523 4477 633 4529 est.
743 4467 1015 4539 Accedit,
1061 4469 1232 4545 quod
1275 4469 1437 4546 apud
1484 4469 1956 4531 Demosthenem
2003 4466 2281 4546 (Theocr.
2314 4464 2477 4540 825)
2522 4469 2617 4528 vir
2658 4466 2905 4543 quidam
2964 4468 3143 4526 fratre
3184 4467 3393 4528 occiso
3452 4460 3803 4539 percussori
3844 4468 4155 4536 argaitum

523 4578 800 4638 offerenti
843 4579 1140 4640 actionem
1185 4597 1305 4640 non
1349 4580 1680 4651 intendisse
1721 4587 2014 4642 narmtur.
2101 4578 2357 4640 Constat
2396 4579 2573 4654 igitur
2614 4579 2699 4654 (et
2743 4577 2877 4654 ipse
2918 4576 3257 4637 Hornius
3302 4575 3461 4636 idem
3504 4572 3685 4634 sentit
3724 4587 3783 4647 p.
3828 4567 3955 4643 20),
3996 4575 4161 4630 certe

523 4688 774 4748 caedem
818 4705 940 4749 non
979 4690 1378 4750 voluntariam
1425 4689 1566 4750 data
1608 4691 1866 4766 pecunia
1907 4689 1991 4750 lui
2034 4689 2331 4766 potuisse,
2376 4703 2523 4763 ergo
2568 4705 2602 4746 c
2643 4688 3125 4765 propinquorum
3182 4687 3491 4748 voluntate
3532 4681 3917 4760 dependisse,
3960 4687 4161 4740 uuum

525 4811 818 4859 accusem
863 4799 1086 4858 vellent
1127 4817 1203 4860 an
1247 4817 1383 4862 non.
1472 4801 1694 4862 Nostro
1739 4809 1942 4862 autem
1985 4801 2124 4861 loco
2171 4799 2250 4859 de
2307 4796 2497 4858 caede
2538 4813 2661 4858 non
2702 4799 3039 4859 voluntaria
3080 4796 3301 4872 agitur3
3354 4795 3632 4870 Euergus
3686 4801 3745 4853 et
3784 4790 4161 4852 Mnesibulus

525 4909 800 4968 ancillam
841 4919 1214 4971 vexaverant
1255 4927 1326 4972 ac
1369 4912 1851 4983 vulneraverant,
1897 4911 1972 4972 iis
2015 4917 2217 4971 autem
2261 4907 2525 4968 animum
2572 4905 2887 4968 occidendi
2928 4907 3138 4978 fuisse,
3188 4906 3353 4968 nulla
3392 4921 3461 4966 re
3514 4902 3821 4964 indicatur.
3930 4897 4161 4975 Quodsi

487 5003 719 5078 §verba
761 5011 944 5092 „oi-62*
983 5016 1110 5095 γὰρ
1153 5024 1222 5081 ἐν
1261 5023 1352 5100 τῷ
1389 5015 1562 5099 νόμῳ
1579 5068 1595 5086 .
1621 5067 1637 5087 .
1663 5023 1906 5086 ,δίωξιν
1947 5019 2140 5080 εἷναι“
2183 5021 2675 5094 interpretamur:
2720 5017 2889 5093 „lege
2928 5035 3049 5080 non
3074 5016 3345 5094 cogeris.
3366 5061 3387 5081 .
3410 5015 3539 5084 ,lex
3582 5013 3743 5089 cogit
3783 5011 4162 5088 propinquos
