4559 5625
429 526 528 585 via
569 525 1022 601 consumoque
1061 530 1336 599 tempore
1377 522 1569 599 patria
1607 520 1948 585 abscedere
1989 521 2295 585 debebant
2337 522 2547 599 (Arist.
2594 523 2633 601 ξ
2681 520 2803 594 72),
2850 538 2927 585 ne
2968 522 3249 587 homines
3303 522 3459 585 forte
3500 522 3723 585 obvios
3766 525 4059 587 contami-

429 641 658 695 narent.
741 632 1042 709 Quamdiu
1081 648 1196 695 eos
1236 632 1488 709 patriam
1531 633 1740 709 fugere
1781 633 2174 710 opportuerit,
2219 632 2467 695 difficile
2510 640 2607 693 est
2648 632 2729 693 ad
2782 631 3267 695 discernendum.
3368 625 3553 704 ,ξἘυς
3608 627 3693 691 ἂν
3750 636 4063 709 αἰδέσηταί

431 766 568 803 τινα
607 744 732 803 ταῖν
773 746 840 801 ἐν.
879 744 1038 817 γένει
1075 743 1192 801 τοῦ
1229 737 1655 815 uano-radas&
1697 742 1893 819 inquit
1934 742 2398 805 Demosthenes.
2500 745 2586 805 At
2626 742 2938 820 plerisque
2980 743 3157 805 nimis
3200 743 3355 805 dura
3394 744 3493 803 lex
3538 758 3683 805 esse
3724 742 3979 817 videtur,
4025 760 4061 805 e

431 868 555 929 qua
595 854 1074 930 propinquorum
1115 851 1360 914 arbitrio
1401 854 1664 915 remissa
1701 860 1874 915 esset
1933 851 2096 915 exilii
2137 853 2236 913 vel
2302 850 2551 913 tollendi
2591 853 2691 913 vel
2737 851 3123 928 protrahendi
3164 859 3459 929 potestas.
3566 852 3705 915 Nixi
3747 854 3923 931 igitur
3964 854 4057 927 iiS,

431 980 592 1039 quae
633 971 692 1024 et
713 964 882 1025 Plato
927 969 989 1024 et
1028 962 1394 1037 grammatici
1459 961 1538 1023 de
1578 978 1778 1025 annuo
1843 962 2026 1024 exilio
2069 962 2419 1039 loquuntur,
2485 978 2643 1023 anno
2712 962 3031 1038 praeterito
3091 963 3471 1039 propinquos
3514 964 4062 1025 reconciliationem

431 1074 578 1135 inire
639 1072 932 1135 debuisse
974 1079 1252 1133 statuunt-
1304 1072 1404 1148 (cf.
1447 1072 1596 1133 Plat.
1639 1073 1792 1148 legg.
1835 1071 1938 1144 IX,
1973 1070 2126 1145 865,
2169 1072 2219 1133 Ε
2263 1079 2325 1136 et
2364 1070 2507 1144 869,
2550 1072 2633 1145 E;
2678 1072 2865 1134 Beck.
2920 1075 3037 1134 Au.
3082 1072 3225 1145 421,
3272 1072 3383 1147 2⁰3
3430 1071 3633 1135 Scho
3654 1074 3691 1133 l.
3732 1072 3813 1135 ad
3852 1071 4057 1151 Eurip.

441 1184 618 1261 Hipp.
662 1202 720 1244 v.
745 1182 860 1257 353
903 1183 1176 1261 Hesyeh.
1226 1185 1279 1257 1,
1324 1201 1384 1259 p.
1407 1180 1562 1255 4373
1607 1182 1848 1245 Isaac.
1893 1182 1984 1243 Tz
2003 1189 2142 1243 etz.
2186 1180 2585 1259 adLycophr.
2631 1178 2937 1254 v.1059);
2982 1188 3185 1245 utrum
3230 1198 3381 1245 vero
3426 1182 3579 1243 intra
3618 1183 3759 1243 anni
3800 1183 4061 1259 spatium

429 1294 670 1355 veniam·
685 1292 1114 1370 licentiamque
1131 1291 1424 1355 redeundi
1442 1292 1830 1355 exulantibus
1853 1290 2000 1355 dare
2021 1292 2244 1356 vellent
2259 1309 2337 1353 an
2354 1308 2499 1365 non,
2522 1308 2601 1352 ex
2624 1291 2741 1353 illis
2764 1290 3153 1368 dependisse.
3198 1294 3481 1355 Attamen
3504 1292 3842 1369 praeceptis
3864 1292 4066 1353 Plato-

426 1404 540 1473 nis,
587 1402 814 1479 quippe
860 1404 956 1464 cui
1001 1418 1188 1479 saepe
1232 1394 1848 1465 Lacedaemoniorum
1891 1403 2162 1463 instituta
2201 1403 2260 1463 in
2304 1408 2507 1464 mente
2544 1408 2950 1473 xersarentur,
2995 1417 3073 1461 ne
3112 1401 3359 1463 nimiam
3378 1402 3797 1471 auctoritatem
3838 1402 4067 1463 tribua-

429 1529 586 1584 mus,
631 1512 984 1575 cavendum.
1013 1521 1124 1573 est.
1213 1513 1389 1588 Quod
1433 1520 1636 1575 autem
1675 1512 2046 1588 grammatici
2089 1511 2168 1571 de
2207 1528 2411 1573 annuo
2458 1511 2639 1577 exilio
2682 1511 2905 1582 dicunt,
2950 1510 3189 1587 decepti
3229 1510 3495 1575 fortasse
3538 1519 3681 1573 sunt
3720 1527 3911 1588 quum
3930 1511 4071 1573 Pla·-

433 1624 592 1685 tonis
633 1623 890 1699 legibue,
913 1631 1042 1685 tum
1085 1624 1390 1685 vocabulo
1433 1623 1510 1685 de
1551 1622 1670 1685 hac
1687 1638 1756 1685 re
1798 1623 2062 1699 legitimo
2105 1614 2659 1694 ,,ἀπεηαυττσμός“,
2684 1637 2809 1697 quo
2834 1619 3083 1697 quidem
3126 1622 3369 1696 longius
3391 1622 3573 1685 etiam
3594 1622 3839 1683 exilium
3884 1620 4069 1697 signi-

438 1734 610 1795 ficari
673 1749 708 1793 e
749 1734 896 1795 Plat.
964 1735 1114 1809 legg.
1161 1734 1261 1805 IX,
1325 1752 1384 1811 p.
1427 1732 1584 1795 346·
1617 1740 1882 1809 apparet.
2028 1732 2160 1808 Ego
2227 1738 2549 1809 propterea
2613 1731 3045 1793 Demosthenis
3108 1731 3300 1793 verba-
3370 1747 3495 1794 non
3554 1731 3863 1817 limitanda
3924 1746 4071 1793 esse

433 1850 598 1919 puto,
643 1846 790 1922 quia
831 1861 899 1905 re
939 1860 1092 1903 vera·
1129 1842 1338 1905 caedis
1379 1859 1500 1904 non
1543 1845 1666 1905 vol.
1709 1842 1854 1917 fingi
1895 1830 2160 1919 possunt
2196 1843 2501 1919 exempla,
2544 1858 2707 1925 quae
2726 1842 3067 1917 graviorem
3112 1842 3249 1915 sibi,
3290 1857 3501 1917 quam·
3524 1857 3790 1903 annuum
3826 1842 4072 1905 exilium

373 2000 396 2013 ,
429 1956 738 2029 postulant
778 1968 1057 2029 poenam.
1168 1952 1232 2013 In
1277 1953 1628 2015 memoriam
1669 1968 1898 2014 revoco
1942 1953 2176 2034 facinus
2241 1952 2389 2015 illud
2432 1952 2653 2029 Euergi
2708 1960 2768 2015 et
2808 1952 3147 2023 Mnesibuli,
3212 1952 3321 2030 qui
3362 1958 3482 2013 tam
3548 1951 3843 2014 scelerato
3886 1950 4073 2013 modo

433 2064 708 2125 ancillam
729 2070 1146 2137 vexaverunt3
1189 2079 1392 2124 nonne
1427 2064 1660 2139 justum
1685 2063 1796 2123 suit
1835 2062 1992 2124 istos
2015 2062 2288 2138 longiore
2332 2062 2511 2123 exilio
2537 2064 2931 2127 temeritatem
2974 2064 3145 2125 luere
3158 2064 3187 2123 ‘l
3206 2094 3291 2107 -·-—
3316 2060 3595 2123 Ceterum
3638 2077 3831 2137 quum
3872 2076 4075 2138 aequo

429 2172 656 2233 diutius
696 2174 1020 2251 propinqui
1065 2174 1303 2234 veniam
1325 2173 1726 2248 denegarent,
1769 2171 2040 2249 Ephetas
2083 2172 2158 2233 iis
2202 2171 2517 2248 placandis
2559 2169 3151 2250 reconciliandisque
3192 2188 3445 2248 operam
3488 2170 3759 2243 dedisse,
3816 2187 3940 2233 non
3983 2178 4077 2231 est

433 2282 712 2343 absimile
755 2284 901 2343 veri.
946 2316 1032 2328 --
1071 2282 1458 2347 Weberus
1501 2284 1583 2359 (p.
1609 2281 1758 2355 273)
1797 2280 2120 2345 homicidis
2166 2284 2317 2345 intra
2358 2283 2803 2359 anni-spatium
2846 2282 3047 2343 redire
3088 2282 3267 2343 etiam
3303 2289 3555 2359 accepta
3592 2281 4073 2358 propinquorum

431 2392 610 2453 venia
650 2410 773 2453 non
816 2393 1069 2452 licuisse
1110 2400 1298 2468 putat.
1387 2393 1512 2455 Sed
1555 2409 1590 2453 e
1618 2393 1802 2454 ·Dem.
1847 2394 1931 2479 in‘
1951 2393 2192 2455 Macart.
2236 2388 2296 2470 p.
2328 2392 2493 2456 1069
2530 2393 2828 2481 consequi
2872 2392 3128 2464 videtur,
3170 2398 3375 2455 utrum
3416 2394 3624 2469 fugare
3666 2393 3893 2453 vellent
3934 2408 4074 2469 per-

436 2517 755 2561 cussorem
799 2518 876 2561 aa
917 2518 1074 2573 non,
1103 2504 1282 2565 etiam
1325 2503 1484 2563 diota
1523 2518 1716 2565 eausa
1751 2519 1792 2563 .e
1835 2504 2317 2581 propinquorum
2362 2502 2607 2565 arbitrio
2652 2501 3040 2579 dependisse.
3116 2502 3335 2578 Quidni
3374 2504 3550 2579 igitur
3590 2504 3667 2563 iis
3708 2508 4075 2579 potestatem

437 2608 848 2669 concedamus
893 2610 1052 2669 exilii
1095 2619 1240 2687 post
1259 2594 1448 2673 breve
1491 2621 1732 2691 tempus
1775 2612 2062 2675 finiendi?
2083 2644 2166 2655 --
2189 2612 2361 2675 Bona
2406 2622 2636 2685 eorum,
2658 2613 2769 2689 qui
2808 2612 3149 2676 inconsulto
3172 2612 3607 2683 interfecerant,
3632 2612 3863 2688 integra
3904 2627 4075 2675 man·

445 2720 624 2789 sisse,
667 2733 816 2795 prae
857 2721 1074 2780 ceteris
1137 2732 1390 2799 apparet
1429 2740 1464 2783 e
1505 2725 1642 2799 lege
1681 2724 1722 2801 ᾖ
1761 2724 1864 2785 44,
1908 2724 2078 2785 Dem.
2123 2724 2313 2785 Arist.
2356 2723 2566 2783 allata:
2628 2718 2777 2794 „ab
2835 2724 2925 2783 tis
2972 2742 3117 2783 ,τινα
3172 2724 3299 2781 τῶν
3372 2714 3805 2796 ἀνδροφόνων,
3848 2712 3938 2779 ὦν
3990 2716 4079 2779 τὰ

438 2824 794 2904 χρήματα
834 2833 1174 2904 ἐπίτιμα.
1197 2879 1216 2894 .
1239 2835 1320 2906 .“,
1365 2835 1628 2913 eiusque
1669 2835 2172 2912 interpretatione,
2206 2846 2343 2911 qua
2385 2834 2525 2898 illos
2542 2832 2885 2896 homicidas
2928 2827 3371 2896 involuntario-s
3387 2849 3533 2896 esse
3552 2839 3755 2894 orator
3796 2829 4074 2892 affirmat.

631 2940 744 3016 Qui
787 2941 848 3000 in
891 2941 1322 3004 certaminibus
1363 2944 1624 3020 publicis
1667 2946 1891 3006 invitus
1937 2943 2242 3006 occiderat
2280 2943 2565 3020 aliquem,
2606 2942 2691 3006 de
2730 2943 2927 3005 caede
2964 2959 3087 3006 non
3130 2943 3327 3018 potuit
3364 2941 3661 3018 postulari
3720 2957 3922 3018 neque
3964 2941 4075 3017 igi-

439 3057 536 3108 tur
574 3050 787 3124 puniri,
831 3059 900 3112 ut
941 3049 1238 3112 docemur
1278 3053 1412 3128 lege
1453 3053 1624 3114 Dem.
1661 3055 1853 3114 Arist.
1899 3056 1938 3132 ς
1978 3052 2106 3116 ἐ·)ἓ·];ἶ
2163 3048 2315 3126 ,βάν
2354 3069 2439 3114 τις
2496 3047 2825 3126 dimam
2878 3055 2943 3111 ἐν
3000 3045 3238 3112 deame.
3280 3045 3455 3113 ἄκων
3476 3095 3497 3115 .
3518 3096 3538 3115 .
3560 3046 3839 3118 ,τούτων
3898 3054 4076 3112 ἕνεκα

439 3153 522 3232 μὴ
562 3153 820 3232 φεύγειν
857 3161 1228 3220 κτείναντα“.
1315 3161 1472 3221 Eum
1513 3179 1662 3224 vero
1703 3163 2094 3226 nihilominus
2137 3162 2573 3239 purificandum
2620 3161 3113 3238 expiandumque
3156 3161 3367 3232 fuisse,
3414 3160 3649 3222 etiamsi
3692 3177 3815 3226 non
3850 3161 4075 3237 proba-

433 3275 562 3338 tur-,-
590 3266 920 3328 verisimile
961 3275 1160 3328 tamen
1199 3271 1270 3329 fit
1311 3271 1458 3330 Plat.
1503 3273 1654 3347 legg,
1695 3274 1752 3342 9,
1799 3269 1922 3334 865
1967 3275 2042 3332 A.
2109 3297 2190 3320 ·-.-
2258 3271 2437 3331 Dubii
2480 3269 2843 3344 haeresim,
2874 3270 3023 3349 quid
3062 3271 3293 3334 homini
3338 3271 3559 3332 factum
3602 3271 3697 3342 sit,
3758 3271 3863 3346 qui
3906 3287 4075 3334 mero

433 3391 588 3438 casu
608 3377 798 3440 alicui
862 3385 1120 3439 mortem
1165 3377 1470 3453 effecerat,
1515 3380 1697 3456 cujus
1759 3381 1998 3456 generis
2041 3381 2353 3458 Antiphon
2396 3382 2457 3442 in
2498 3381 2714 3444 Teu-al.
2761 3382 3031 3446 secunda
3072 3383 3241 3458 fingit
3282 3382 3647 3458 exemplum.
3756 3379 4077 3456 Ejusmodi

435 3484 798 3560 homicides,
837 3488 1068 3566 quibus
1109 3505 1188 3549 ne
1229 3489 1629 3566 imprudentia
1671 3491 1918 3567 quidem
1959 3492 2118 3553 vitio·
2150 3493 2305 3552 verti
2347 3491 2559 3570 potuit,
2608 3493 2667 3552 in
2712 3493 2961 3554 exilium
3004 3491 3237 3568 ejectos
3260 3507 3425 3563 esse,
3470 3489 3757 3568 equidem
3800 3507 3921 3552 non
3941 3507 4077 3552 cre-

433 3595 594 3656 dam.
638 3624 722 3638 —-—
764 3597 898 3658 Jam
943 3615 1132 3675 quum
1175 3601 1234 3658 in
1279 3599 1399 3661 hoc
1439 3601 1578 3662 loco
1623 3617 1944 3662 versemur
1985 3601 2310 3664 difficultas
2354 3603 2655 3679 quaedam
2698 3601 3043 3677 attingenda
3085 3609 3195 3674 est,
3240 3617 3403 3678 quae
3446 3617 3525 3662 ex
3567 3603 3707 3662 Ant.
3743 3618 3795 3662 c.
3817 3599 4075 3664 Noverc.

441 3715 591 3768 orat.
637 3708 677 3784 ξ
707 3707 804 3770 -20
835 3710 1133 3770 exoritur.
1241 3709 1520 3770 Noverca
1563 3712 1692 3772 scil.
1739 3711 1798 3772 in
1841 3709 1960 3772 hac
2003 3713 2276 3774 oratione
2320 3729 2358 3773 a
2399 3713 2674 3789 privigno
2720 3719 3058 3782 accusatur,
3104 3711 3272 3788 quod
3314 3711 3528 3772 marito
3570 3713 3897 3786 amicoque
3938 3709 4075 3787 ejus

443 3831 550 3894 per
589 3817 868 3879 ancillam
914 3819 1220 3894 quandam
1243 3835 1543 3880 venenum
1587 3821 2014 3898 porrigendum
2055 3831 2353 3884 curasset.
2440 3823 2677 3900 Ancilla
2718 3829 2920 3882 autem
2964 3837 3087 3882 non
3125 3821 3273 3884 dolo
3316 3821 3477 3883 malo
3522 3827 3741 3896 egerat,
3786 3819 3899 3882 sed
3940 3837 4075 3882 mu-

433 3927 598 3988 lieris
615 3956 622 3965 ·
639 3928 804 3989 illius
847 3927 1026 3989 dietis
1064 3932 1425 4008 artibusque
1469 3930 1726 4008 decepta
1765 3933 2117 3993 amatorium
2161 3932 2469 4008 potionem
2512 3932 2807 4009 praebere
2849 3931 2965 3992 sibi
3008 3932 3147 3992 visa
3192 3939 3335 3992 erat.
3437 3931 3701 3992 Maxime
3755 3938 4077 4006 propterea

437 4037 772 4098 mirandum
819 4045 932 4110 est,
979 4041 1167 4116 quod,
1210 4042 1250 4119 ξ
1293 4041 1376 4104 20
1419 4041 1706 4116 legimus:
1766 4035 1842 4117 ,,ἧ
1899 4043 2006 4114 μὲν
2065 4025 2492 4116 διακονήσασα
2546 4045 2667 4113 ἔχει
2708 4037 2789 4102 n&
2828 4043 3118 4117 ἐπίχειρα,
3162 4031 3255 4099 ὦν
3312 4033 3465 4104 ἄξια
3522 4031 3623 4114 ἦν,
3683 4033 3866 4104 οὐδὲν
3908 4043 4076 4100 αἴτιοι

433 4137 630 4212 οὖσα.
653 4191 672 4211 .
695 4188 744 4218 .,
763 4150 853 4228 τῷ
893 4145 1020 4223 γὰρ
1063 4153 1409 4230 ὀημοκοίνφ
1449 4160 1838 4224 monastica
1881 4145 2247 4225 noembsn‘t
2294 4151 2453 4211 Num
2492 4149 2637 4212 hinc
2678 4150 3161 4214 concludendum
3186 4158 3297 4220 est,
3344 4162 3563 4212 servos
3609 4150 3843 4212 etiamsi
3866 4157 4074 4210 eontra

431 4257 804 4316 voluntatem
847 4258 1303 4332 interfecissent,
1345 4261 1560 4338 capitis
1605 4261 1904 4338 supplicio
1945 4260 2208 4322 affectos
2253 4261 2436 4322 esse?
2500 4261 2691 4323 Nimis
2734 4261 2951 4322 durum
2996 4261 3415 4340 injustumque
3458 4261 3517 4322 id
3562 4261 3855 4324 videatur.
3912 4261 4072 4322 Anii

433 4365 568 4436 soli,
611 4367 717 4443 qui
761 4365 904 4427 dato
947 4369 1168 4444 philtro
1213 4370 1364 4430 civis
1407 4379 1664 4433 mortem
1707 4370 2116 4447 imprudenter
2155 4370 2499 4444 effecerant,
2544 4371 2663 4434 hac
2705 4372 3065 4446 gravissima
3107 4387 3307 4447 poena
3345 4371 3511 4447 digni
3546 4370 4019 4446 judicabantur?

631 4475 984 4537 Homicidee
1025 4495 1194 4550 vero,
1241 4479 1372 4539 sive
1415 4480 1827 4556 praemeditati
1891 4481 2026 4541 sive
2065 4481 2231 4542 iuviti
2286 4481 2646 4553 occiderant,
2691 4477 3097 4557 βουλεύσεως,
3166 4476 3516 4556 τραύματος
3560 4483 3627 4540 ἐκ
3668 4501 3766 4553 πρ.
3812 4479 4071 4540 damnati

433 4583 800 4660 quicunque,
843 4593 914 4648 ut
953 4585 1218 4650 breviter
1259 4589 1474 4662 dicam,
1539 4591 1667 4650 nir
1707 4591 1988 4664 φονικῶν
2027 4593 2341 4653 criminum
2408 4606 2599 4653 caiisa
2640 4592 2983 4665 exulabant,
3040 4608 3163 4653 non
3209 4595 3411 4655 solum
3456 4608 3492 4652 a
3535 4591 3766 4668 patriae
3828 4581 4069 4662 finibus,

432 4693 548 4756 sed
587 4711 632 4754 a.
668 4696 802 4756 foro
847 4699 1026 4758 etiam
1069 4700 1393 4772 collimitio,
1439 4701 1864 4762 certaniinibus
1908 4701 2186 4778 publiciS,
2243 4704 2439 4764 sacris
2480 4703 3007 4779 Amphyctionicis
3051 4703 3441 4775 arcebantur3
3499 4717 3637 4764 nam
3682 4692 3849 4758 ὅσων
3888 4702 4073 4776 μετῆν

431 4805 630 4881 inquit
671 4813 890 4867 orator.
929 4809 976 4886 ξ
997 4810 1068 4869 41
1101 4812 1287 4872 Arist.
1331 4813 1422 4891 τῷ
1461 4805 1724 4871 adeam
1761 4813 1967 4885 ἃῶντι,
2011 4807 2248 4872 τούτων
2290 4815 2478 4886 apres
2519 4809 2627 4871 τὸν
2668 4808 3027 4886 δεδρακότα,
3069 4813 3106 4873 i.
3132 4829 3183 4874 e.
3228 4827 3487 4889 quarum
3528 4825 3731 4872 rerum
3758 4809 4069 4871 interfecto

431 4914 700 4991 quodam
745 4917 932 4979 modo
975 4919 1278 4994 legitimus
1319 4938 1476 4984 usus
1519 4921 1728 4994 suerat,
1775 4923 1852 4982 ab
1899 4923 1973 4985 iis
2017 4931 2184 4984 arcet
2223 4924 2681 4984 interfectorem.
2745 4923 2975 4986 Harum
3017 4931 3219 4986 autem
3260 4936 3463 4982 rerum
3504 4919 3840 4996 privatione
3881 4922 4070 4982 male-

427 5025 586 5088 ficos
629 5029 778 5090 satis
823 5030 1070 5105 punitos
1112 5047 1260 5094 esse
1323 5033 1552 5110 putavit
1597 5032 2064 5095 Atheniensium
2109 5033 2471 5104 humanitaS,
2536 5041 2723 5110 atque
2764 5049 2841 5094 ne
2884 5031 3156 5096 vindices
3219 5029 3561 5109 propinqui,
3626 5030 3813 5092 nimio
3856 5029 4071 5092 dolore

3662 5149 3692 5198 3
