4559 5625
429 525 498 578 ut
538 530 968 593 percussor-mi
1009 510 1490 591 persequantm*
1531 526 1782 573 sensum
1823 511 1898 573 iis
1943 510 2346 583 obtrudimus,
2404 528 2587 591 quem
2630 510 2863 573 habere
2900 525 3025 575 non
3068 522 3363 589 possunt;
3422 529 3561 575 nam
3607 529 3793 591 quum
3838 516 4065 579 caedes

431 625 842 703 imprudenter
881 625 1040 687 facta
1081 631 1268 695 esset,
1309 624 1412 685 lex
1455 622 1538 683 ad
1575 623 1740 683 litem
1759 621 2186 685 intendendam
2225 639 2351 683 non
2393 621 2665 699 cogebat.
2690 652 2774 667 --
2791 621 2971 699 Quod
3013 623 3091 683 ad
3132 623 3325 685 verba
3344 625 3631 697 „xeipvm
3657 671 3673 689 .
3698 620 4065 701 ,φθονήσει66

433 737 658 808 attinet,
699 734 926 812 quibus
969 734 1044 793 Η.
1087 734 1416 810 praecipue
1455 730 1796 804 diffiditur,
1861 748 1991 793 rem
2035 732 2128 793 sic
2169 733 2297 793 sere
2338 732 2485 793 inihi
2526 732 2787 809 expiico.
2896 734 3075 795 Anus
3118 734 3219 793 ilia
3262 750 3452 810 quum
3510 750 3697 795 serva
3738 734 3957 796 suisset
4011 742 4071 797 et

433 852 654 924 sponte
693 860 808 909 sua
847 844 910 905 in
951 843 1204 905 domum
1245 843 1503 905 oratoris
1543 842 1738 903 nostri
1777 842 2150 914 revertisset,
2218 841 2375 902 facili
2420 843 2685 909 fortasse
2726 858 2913 919 opera
2978 842 3109 905 fleri
3150 844 3361 921 potuit,
3428 853 3495 905 ut
3534 844 3651 919 hic,
3726 846 3779 905 si
3836 846 4071 907 mentiri

429 958 632 1029 veliet,
677 972 814 1017 eam
853 955 1012 1015 uitro
1057 954 1116 1013 in
1159 954 1512 1015 servitutem
1553 951 1830 1023 rediisse,
1893 952 1994 1011 vei
2041 966 2287 1027 semper
2330 968 2462 1011 eam
2498 952 2783 1015 ancillam
2826 953 3035 1025 fuisse,
3091 950 3403 1028 judicibus
3445 955 3856 1032 persuaderet.
3966 956 4069 1015 Ni-

433 1066 766 1127 hilominus
807 1072 1012 1127 autem
1053 1064 1248 1140 potuit
1285 1062 1580 1135 accidere,
1623 1069 1694 1124 ut
1731 1061 2110 1155 inimicorum
2153 1061 2295 1137 quis
2336 1076 2545 1123 veram
2588 1062 2673 1123 rei
2716 1062 3028 1133 rationem,
3084 1062 3319 1123 etiamsi
3373 1080 3495 1125 non
3538 1065 3915 1140 exploratam
3956 1062 4071 1125 ha-

434 1176 622 1248 beret,
667 1182 868 1235 tamen
911 1174 1325 1250 suspicaretur
1365 1180 1552 1250 atque
1594 1172 2006 1249 suspicionem
2047 1171 2201 1231 inter
2254 1172 2423 1233 cives
2468 1171 2843 1248 dispergens
2888 1187 3195 1233 summum
3240 1172 3447 1235 odium
3490 1182 3701 1237 contra
3742 1174 3907 1235 iilum
3958 1192 4071 1235 ex-

434 1286 660 1347 citaret.
745 1284 1110 1361 interpretor
1147 1283 1354 1359 igitur:
1397 1282 1638 1355 „multis
1679 1281 1941 1343 deterior
1981 1280 2291 1343 videberis
2314 1328 2332 1347 .
2356 1329 2375 1347 .
2398 1288 2493 1345 .et
2530 1282 2585 1341 si
2626 1280 2715 1341 rei
2770 1280 3101 1356 effugerint,
3146 1280 3453 1345 videberis
3506 1283 3865 1359 periurasse
3906 1285 4073 1360 (nam

433 1402 498 1456 tu
541 1395 682 1457 iilos
723 1394 956 1455 facinus
995 1400 1384 1471 perpetrasse
1425 1391 1756 1465 affirmasti,
1801 1392 2196 1453 absolventes
2233 1392 2479 1468 jndices
2518 1390 2781 1471 negant),
2827 1401 2889 1453 et
2930 1394 2982 1454 si
3008 1392 3245 1465 vicarie,
3290 1391 3577 1453 invidiam
3624 1393 3729 1455 tibi
3774 1392 4073 1455 conflabis

437 1505 608 1581 (quia
649 1505 920 1571 nonnulli
961 1520 1212 1565 causam
1255 1502 1334 1561 ad
1377 1508 1438 1561 te
1475 1518 1598 1563 non
1639 1502 1940 1578 pertinere
1981 1499 2533 1579 suspicabuntur).“.
2618 1503 2999 1579 periurasset
3041 1502 3309 1580 quidem,
3354 1503 3595 1563 etiamsi
3636 1504 3905 1577 vicisset,
3928 1520 4072 1581 ergo

435 1622 736 1677 oratorem
779 1621 1070 1685 nostrum
1115 1628 1306 1689 quum
1351 1612 1600 1671 alteram
1642 1618 1872 1673 tantum
1907 1611 2309 1688 jurisjurandi
2371 1620 2605 1689 partem
2648 1613 2949 1690 respiciat,
3004 1613 3205 1673 minus
3270 1620 3552 1673 accurate
3594 1612 3830 1675 dixisse
3884 1614 4075 1677 conii-

435 1724 684 1785 tendum
728 1732 838 1797 est,
883 1723 996 1784 sed
1038 1722 1194 1783 haec
1235 1728 1332 1783 est
1371 1720 1729 1799 negligentia
1769 1720 2025 1793 dicendi,
2069 1718 2232 1797 q'uae
2273 1721 2421 1783 mibi
2444 1722 2707 1799 'quidem
2752 1723 2891 1783 ferri
2946 1736 3138 1801 posse
3188 1722 3443 1783 videtur.
3466 1750 3551 1767 --
3578 1722 3756 1799 Quod
3808 1722 4073 1799 denique

437 1842 606 1895 actor
645 1835 752 1895 ille
791 1834 1020 1898 tamdiu
1062 1848 1200 1893 cnm
1223 1832 1434 1893 amicis
1475 1832 1844 1904 deliberavit,
1889 1832 2068 1893 etiam
2109 1848 2232 1893 non
2256 1840 2371 1905 est,
2404 1830 2573 1909 quod
2616 1832 2773 1893 sicut
2812 1833 3155 1894 Hornius
3198 1833 3516 1904 miremur;
3560 1848 3701 1892 nam
3719 1848 3846 1893 non
3872 1834 4073 1894 solum

437 1942 814 2007 deliberasse
853 1942 1150 2014 videntur,
1193 1941 1605 2003 accusandum
1648 1948 1818 2003 esset
1859 1959 1935 2002 an
1977 1959 2118 2015 non,
2163 1942 2276 2004 sed
2320 1942 2401 2003 de
2442 1942 2725 2005 omnibus
2768 1940 2957 2003 rebus
2996 1940 3079 2003 ad
3120 1942 3373 2003 caedem
3415 1942 3577 2001 iilam
3634 1943 4068 2019 spectantibus
4140 2024 4153 2037 ι

435 2072 490 2117 e.
533 2072 588 2131 g.
635 2054 714 2115 de
757 2052 1134 2115 caerimoniis
1176 2054 1238 2113 in
1281 2052 1492 2113 funere
1533 2050 1934 2114 instituendis.
1959 2080 2044 2095 -·-
2065 2052 2222 2113 Num
2265 2052 2689 2113 deficientibus
2726 2052 2911 2129 justis
2934 2052 3302 2115 necessariis
3348 2051 3717 2113 contribules
3762 2054 4073 2129 vulgarem

437 2160 700 2239 γραφὴν
739 2160 944 2237 φόνου
986 2162 1294 2223 intendere
1335 2162 1654 2239 potuerint,
1709 2160 1960 2223 dubium
2004 2170 2114 2223 est.
2217 2160 2487 2223 Probare
2534 2162 2597 2223 id
2651 2161 2897 2241 quidem
2952 2162 3195 2223 student
3238 2162 3407 2223 Dem.
3453 2163 3693 2223 Macart.
3750 2156 3923 2235 1168,
3965 2162 4066 2235 28,

437 2272 546 2333 ubi
587 2276 648 2331 ot
689 2268 995 2347 φράτορες
1034 2272 1418 2350 propinquos
1463 2272 1520 2330 in
1563 2288 1934 2348 percussore
1975 2272 2403 2350 persequendo
2434 2271 2743 2349 adjuvare
2778 2272 3083 2348 jubentur,
3126 2270 3527 2347 tribuiturque
3566 2272 3643 2333 iis
3686 2279 3979 2348 potestaS,
4024 2274 4079 2333 si

437 2382 638 2445 desint
676 2382 1018 2460 propinqui,
1065 2398 1202 2445 cum
1223 2379 1546 2443 homicidis
1589 2397 1710 2443 non
1753 2383 2108 2445 voluntariis
2151 2382 2210 2441 in
2231 2382 2481 2457 gratiam
2522 2380 2843 2455 redeundi3
2888 2380 3003 2441 sed
3044 2380 3183 2441 inde
3204 2378 3350 2441 nihil
3392 2383 3539 2441 certi
3582 2383 3859 2443 concludi
3882 2398 4073 2461 posse

449 2496 714 2567 apparet.
736 2520 818 2537 -
843 2492 910 2552 Si
953 2492 1200 2553 occisus
1241 2499 1382 2553 ante
1423 2498 1678 2553 mortem
1700 2492 1940 2553 veniam
1965 2490 2234 2553 dederat
2270 2490 2647 2563 interfatus-i,
2680 2506 2801 2551 non
2843 2489 3129 2567 cuiquam
3168 2492 3649 2569 propinquorum
3692 2493 3941 2553 licuisse
3982 2494 4075 2554 vi-

441 2599 626 2659 detur-
655 2599 820 2661 hunc
863 2599 944 2661 de
985 2601 1170 2663 caede
1210 2602 1538 2678 postulare.
1621 2601 1920 2663 Probatur
1959 2601 2080 2665 hoc
2118 2601 2371 2679 quidem
2404 2602 2533 2663 'non
2578 2602 2731 2663 satis
2770 2600 2939 2661 Dem.
2982 2601 3140 2673 ioco,
3186 2616 3371 2677 quem
3412 2600 3633 2661 afferre
3676 2598 3875 2663 solent
3894 2602 4073 2679 (Pan-

449 2716 602 2769 taen.
647 2708 688 2787 5
731 2706 858 2781 90),
902 2726 1090 2787 quum
1133 2713 1404 2773 variante
1449 2710 1726 2773 codicum
1769 2713 2028 2773 lectione
2069 2711 2323 2772 dubium
2362 2711 2747 2787 relinquatur,
2802 2718 3002 2771 utrum
3062 2709 3141 2771 de
3198 2711 3387 2773 caede
3442 2712 3785 2773 voluntaria
3835 2727 3911 2772 an
3952 2728 4077 2775 non

438 2820 565 2882 vol.
609 2820 692 2882 sit.
733 2835 957 2894 sermo,
1003 2821 1116 2882 sed
1157 2838 1269 2899 per
1307 2839 1380 2884 se
1423 2831 1519 2884 est
1557 2823 2058 2884 verisimillimum
2101 2822 2393 2885 interfecti
2434 2823 2629 2899 ipsius
2692 2823 2933 2882 veniam
2978 2837 3222 2898 semper
3260 2827 3493 2883 tantum
3536 2823 3823 2896 valuisse,
3888 2823 4077 2900 idque

447 2917 836 2994 conflrmatur
873 2931 1216 3009 praeceptis
1255 2932 1404 2996 Plat.
1449 2933 1626 3010 (legg.
1671 2933 1773 3006 lx,
1815 2951 1873 3011 p.
1919 2931 2000 2996 35
2043 2928 2236 3010 Bip.):
2298 2929 2413 2994 ἐὰν
2448 2929 2677 3007 μάται’
2704 2927 2741 2991 ὁ
2784 2926 3144 3008 rerem-boae
3184 2931 3331 3004 πρὶν
3355 2935 3363 2942 ’
3387 2934 3739 3006 τελευτῆσαι
3780 2926 3891 2992 τᾶν
3930 2929 4075 3006 Ope}—

445 3051 646 3098 σαντα
684 3036 887 3114 φόνον
929 3034 1090 3116 ἀφέῃ
1133 3043 1318 3115 ἑκών,
1361 3038 1646 3115 καθάπερ
1691 3046 1750 3102 οὶ
1791 3039 1902 3102 τὸν
1943 3035 2247 3102 ἀκούσιον
2281 3036 2759 3117 ἐξεργασάμενοι
2796 3036 2998 3114 φόνον
3036 3043 3380 3113 καθαρθεὶς
3420 3045 3527 3100 καὶ
3567 3035 3805 3116 τ’ἇλλα,
3846 3033 4079 3119 ὅσαπερ

445 3149 668 3208 buiron
703 3145 966 3224 πρᾶὄας,
1007 3148 1289 3224 καθαρός
1325 3154 1498 3211 ἔστω.

647 3257 928 3320 Geterum
971 3260 1274 3337 siquidem
1316 3269 1482 3322 recte
1523 3264 1824 3340 suspicor,
1869 3271 2106 3324 mutato
2139 3261 2407 3322 aetionis
2452 3261 2624 3322 titulo
2667 3259 2869 3336 quivis
2910 3259 3129 3320 civium
3174 3275 3381 3322 coram
3426 3261 3559 3324 soro
3604 3257 3917 3322 heliastico
3960 3259 4079 3324 ho-

439 3366 726 3457 micidam
767 3369 1056 3446 persequi
1096 3370 1306 3446 potuit.
1391 3371 1766 3447 Argumento
1809 3372 1956 3434 mihi
1997 3378 2094 3432 est
2133 3369 2525 3448 Antiphontis
2568 3369 2647 3430 de
2690 3368 2880 3430 caede
2918 3367 3181 3431 Herodis
3224 3372 3435 3444 oratio,
3492 3371 3671 3447 cujus
3706 3370 3839 3446 jam
3882 3385 4073 3450 supra

445 3479 668 3540 mentio
709 3479 870 3540 tacta
911 3487 1022 3540 est.
1107 3479 1422 3542 Habemus
1463 3479 1566 3542 bic
1607 3481 1826 3542 Heium
1869 3479 2174 3558 quendam
2217 3481 2643 3559 Mytilinaeum,
2694 3481 2801 3557 qui
2842 3495 3031 3558 quum
3072 3480 3381 3542 Herodem
3422 3481 3840 3556 interemisset,
3888 3499 3926 3543 a
3964 3497 4075 3544 ne-

443 3587 732 3676 cessariis
778 3587 914 3664 ejus
979 3595 1286 3667 tamquam
1329 3591 1648 3652 maleficus
1689 3591 1992 3652 abductus
2035 3600 2096 3654 et
2147 3593 2207 3652 in
2250 3591 2489 3652 helisea
2530 3607 2781 3654 causam
2844 3588 3047 3650 dicere
3104 3598 3357 3654 coactus
3400 3599 3513 3654 est.
3619 3592 3787 3654 Reus
3830 3591 4078 3670 quidem

445 3696 728 3769 affirmat,
771 3696 932 3760 lianc
969 3701 1266 3760 actionem
1309 3701 1670 3776 illegitimam
1713 3716 1876 3774 esse,
1926 3719 2114 3778 quum
2157 3703 2365 3764 caedis
2408 3703 2703 3780 postulari
2746 3698 2981 3772 debeat,
3026 3705 3089 3761 et
3121 3699 3367 3778 ,iudices
3409 3710 3733 3779 propterea
3777 3715 3849 3762 se
3868 3701 4081 3763 absol·

445 3823 594 3870 vere
628 3805 830 3883 juben
873 3815 1134 3871 attamen
1177 3825 1368 3886 quum
1411 3811 1638 3872 archon
1681 3827 1790 3872 rex
1835 3819 2000 3874 statu
2039 3815 2124 3874 rei
2169 3813 2319 3876 satis
2364 3815 2700 3890 explorato,
2744 3827 2999 3875 causam
3038 3829 3163 3874 non
3200 3811 3605 3889 repudiasset,
3650 3809 3765 3872 sed
3806 3809 3909 3872 ad·
3927 3810 4081 3872 heli-

443 3933 622 3980 aeam
665 3917 1000 3990 detulisset,
1045 3920 1342 3982 actionem
1409 3937 1528 3982 non
1573 3929 1784 3983 contra
1839 3924 2010 3998 leges
2051 3923 2132 3984 ilii
2175 3925 2461 3984 intentam
2508 3937 2671 3994 xesse
2724 3921 3221 3984 verisimillimum
3266 3927 3375 3982 est.
3486 3922 3553 3984 Si
3595 3927 3799 3982 autem
3840 3921 4077 3994 licebat,

447 4027 817 4090 homicidam
859 4028 1136 4089 maleficii
1179 4045 1490 4108 accusare,
1533 4047 1724 4108 quum
1767 4029 1990 4108 γραφὴ
2027 4035 2413 4106 κακουργίας
2452 4049 2490 4093 a
2530 4030 2805 4110 quolibet
2844 4031 3071 4094 institui
3112 4038 3347 4110 posset,
3385 4031 3543 4108 jure,
3587 4031 3647 4092 ni
3690 4030 3881 4104 fallor,
3928 4047 4078 4093 con-

449 4137 700 4200 cludere
737 4153 1096 4215 possumus
1151 4155 1274 4200 non
1317 4143 1522 4202 solum
1564 4142 1924 4219 propinquis
1969 4141 2175 4214 occisi,
2235 4140 2345 4202 sed
2392 4142 2673 4204 omnibus
2718 4137 2959 4204 civibus
3023 4142 3147 4204 hoc
3184 4143 3431 4204 nomine
3469 4142 3813 4204 occisorem
3878 4143 3938 4204 in
3974 4142 4083 4218 jns

449 4263 678 4310 vocare
719 4247 944 4326 licitum
987 4250 1198 4312 fuisse.
1281 4250 1572 4312 Fortasse
1609 4250 1798 4312 rebus
1843 4250 2192 4312 faventibus
2233 4251 2417 4314 etiam
2458 4245 2699 4328 ὕβρεως
2748 4253 2907 4315 actio
2952 4253 3011 4314 in
3068 4251 3435 4315 homicidam
3478 4269 3517 4312 a
3562 4251 3789 4330 quovis
3828 4251 4086 4334 Athern-

453 4359 690 4418 ensium
731 4359 956 4420 intendi
996 4359 1208 4437 potuit.
1251 4359 1412 4422 Esse
1453 4365 1656 4422 certos
1700 4359 2028 4424 accusandi
2069 4361 2467 4422 interfectoris
2506 4361 2733 4424 modos
2776 4369 2839 4424 et
2878 4363 2973 4436 iis,
3016 4363 3125 4440 qui
3166 4377 3289 4424 non
3330 4361 3802 4428 necessitudinis
3838 4363 4085 4423 vinculo

455 4481 596 4526 cum
637 4467 944 4530 interfecto
987 4470 1292 4546 conjuncti
1337 4479 1522 4546 erant,
1568 4471 1746 4532 etiam
1787 4471 2010 4544 verbis,
2057 4486 2223 4547 quae
2261 4469 2426 4548 apud
2466 4471 2637 4532 Dein.
2679 4469 2925 4550 (Euerg.
2978 4473 3155 4546 1161,
3201 4468 3267 4545 8)
3330 4479 3685 4536 occurrmrtx
3745 4464 3943 4546 „buy
4002 4473 4089 4544 δὲ,

455 4579 514 4634 et'
552 4593 634 4649 nv
675 4572 908 4652 βούλει,
949 4579 1256 4656 τιμωροῠ“
1299 4580 1545 4643 indicari
1587 4590 1756 4658 puto.
1801 4581 2005 4642 Verba
2049 4580 2297 4657 quidem
2340 4597 2451 4659 per
2492 4598 2579 4644 se·
2605 4573 2789 4644 valde
2828 4583 3055 4646 incerta
3098 4590 3257 4654 sunt,
3302 4580 3416 4644 sed
3456 4582 3667 4643 neseio
3710 4595 3787 4641 an
3830 4579 3909 4640 de
3950 4579 4085 4641 aliis

455 4685 788 4748 accusandi
827 4687 1038 4750 formis
1073 4691 1232 4767 juris
1275 4691 1630 4768 interpretes
1673 4663 2082 4768 cogitaverint.

659 4797 856 4874 Quum
897 4799 1162 4876 aliquem
1203 4801 1412 4862 caedis
1457 4811 1764 4864 auctorem
1809 4817 1956 4867 esse
1993 4804 2094 4864 vel
2136 4805 2525 4880 explorasset
2568 4804 2665 4864 vel
2710 4803 2891 4864 certis
2910 4801 3143 4862 indiciis
3188 4801 3618 4879 suspicaretur,
3640 4799 3748 4876 qui
3788 4799 4089 4862 actionem

459 4908 680 4970 usitato
743 4907 930 4970 modo
997 4911 1306 4974 intendere
1345 4912 1608 4986 volebat,
1675 4913 1934 4990 primum
1977 4915 2036 4976 in
2079 4915 2212 4978 foro
2277 4914 2705 4992 praesentibus
2758 4913 3021 4976 tesu'bus
3084 4911 3343 4990 publicis
3382 4912 3539 4972 iocis
3600 4910 3659 4970 ei
3700 4909 4093 4973 interdicebat

461 5015 656 5090 (Dein.
701 5020 760 5080 in
804 5018 1048 5082 Macart.
1106 5021 1276 5094 1⁰08,
1322 5021 1432 5087 28:
1480 5033 1782 5096 προειπεῖν
1823 5027 1892 5085 ἐν
1933 5018 2146 5107 ἀγορᾷ
2187 5021 2357 5088 ἐντὸς
2397 5017 2827 5102 ἀνεψιότητος),
2882 5032 3067 5101 atque
3110 5023 3433 5084 constituta
3476 5020 3575 5082 die
3616 5035 3826 5084 secum
3872 5019 3950 5082 ad
3990 5037 4091 5084 re*
