4559 5625
2184 302 2278 395 ,Β

430 534 567 599 test,
591 527 646 589 si
687 518 1030 602 βουλεύσας
1069 519 1273 599 φὸνον
1313 521 1474 588 idem
1517 532 1614 589 est
1655 537 1730 587 ac
1772 526 1880 604 qui
1919 525 2389 602 praemeditatus
2434 526 2685 587 caedem
2728 526 3075 603 perpetrat?
3160 526 3337 601 Quod
3378 526 3459 587 ad
3496 524 3794 605 judicium
3838 526 4063 599 attinet,

431 639 492 697 in
533 653 656 713 quo
703 636 780 699 de
819 637 924 697 iilo
965 636 1212 699 crimine
1255 634 1677 711 disceptarent,
1721 633 1838 696 sibi
1881 636 2184 701 contraria
2221 636 2403 713 igitur
2446 636 2623 699 tradit
2660 638 3076 713 Harpocratio.
3122 636 3295 711 Quae
3332 636 3579 713 quidem
3622 636 3879 699 Boeck
3892 638 4066 699 hius

431 749 582 809 inter
623 762 696 807 se
735 746 1056 807 conciliare
1099 745 1334 819 studet3
1379 745 1771 808 Aristotelem
1805 754 1875 807 -et
1915 746 2160 810 Isaeum
2201 746 2280 807 de
2324 746 2401 807 iis
2444 754 2671 809 tantum
2714 745 2949 810 insidiis
2988 746 3235 807 locutos
3278 760 3437 807 esse.
3477 752 3663 823 putat,
3704 747 3933 823 quibus
3976 748 4064 809 la-

430 856 544 919 ctis
587 872 754 918 mors
797 872 918 918 non
963 862 1134 917 esset
1173 855 1522 928 subsecuta,
1549 853 1768 917 effecta
1809 862 2012 917 autem
2041 862 2249 927 :morte
2271 858 2678 933 Areopagitas
2716 856 3051 933 judicasse.
3136 857 3224 915 At
3265 862 3473 919 contra
3514 857 3747 920 monuit
3784 856 4067 919 Forcti-

428 966 680 1029 hamm
697 982 782 1026 er
819 966 904 1042 (p.
926 964 1010 1028 32
1053 966 1092 1027 l.
1135 960 1234 1037 c.),
1253 966 1648 1029 Aristotelem
1691 966 1750 1027 in
1773 965 2236 1029 Atheniensium
2253 1008 2260 1015 -
2279 983 2347 1027 re
2389 965 2635 1042 publica
2674 964 3079 1027 describenda
3118 966 3365 1039 levioris
3408 972 3641 1028 tantum
3676 961 4064 1043 βουλιῦοεως

427 1076 720 1139 rationem
761 1075 1076 1147 habuisse,
1117 1076 1457 1151 graviorem
1497 1077 1864 1151 neglexisse,
1909 1076 2154 1137 minime
2194 1092 2341 1137 esse
2383 1076 2723 1137 verisimile.
2822 1076 3033 1137 Potius
3088 1074 3472 1148 credendum,
3516 1076 4057 1152 Harpocrationem

435 1186 698 1248 obscuro
743 1184 1028 1248 Dinarchi
1071 1187 1210 1247 loco
1253 1186 1314 1247 in
1359 1202 1624 1249 errorem
1666 1185 2004 1248 abductum
2043 1202 2202 1248 esse.
2308 1185 2445 1247 Fuit
2484 1186 2855 1261 areopagita
2894 1184 3118 1247 Pistias⁴
3153 1185 3257 1247 ille
3299 1185 3455 1261 (Din.
3500 1187 3563 1247 in
3602 1185 3917 1249 Demosth.
3963 1185 4062 1259 96,

427 1294 554 1368 44).
599 1296 762 1357 Dixit
803 1296 1064 1357 fortasse
1105 1296 1464 1368 Dinarchus,
1507 1295 1814 1371 ejusmodi
1837 1294 2145 1358 hominem
2187 1296 2266 1357 ab
2308 1295 2699 1371 Areopagitis
2738 1295 3106 1371 ejiciendum
3124 1310 3271 1358 csse
3292 1295 3459 1372 (scil.
3474 1312 3552 1357 ex
3574 1293 3929 1375 Areopago)
3970 1298 4068 1357 vel

429 1406 666 1479 similia,
711 1404 938 1483 quibus
983 1405 1282 1483 deceptus
1319 1406 1392 1465 H.
1437 1405 1536 1469 illa
1579 1406 1792 1467 retulit.
1881 1400 2269 1465 Βουλεὺσοως
2310 1420 2459 1467 vero
2504 1405 2728 1467 crimen
2782 1422 2904 1467 non
2948 1404 3025 1465 ad
3068 1407 3459 1481 Areopagum
3524 1406 3912 1482 pertinuisse,
3950 1424 4069 1483 po·-

435 1516 734 1577 tissimum
779 1532 853 1576 eo
897 1515 1208 1592 probatur,
1253 1514 1423 1591 quod
1463 1532 1584 1611 non
1631 1521 2014 1576 enumeratur
2053 1515 2112 1575 in
2157 1522 2368 1577 nostra
2408 1516 2564 1590 lege,
2604 1514 2896 1612 probatur
2938 1522 2998 1575 et
3041 1530 3134 1585 co,
3166 1513 3340 1591 quod
3382 1514 3779 1580 venificorum
3824 1522 4071 1593 tantum,

435 1626 542 1701 qui
585 1642 702 1687 sua
743 1642 926 1687 manu
971 1632 1363 1702 porrexerant
1401 1605 1721 1698 vencnum,
1765 1624 1916 1687 ratio
1961 1624 2234 1687 habetur.
2322 1624 2479 1700 Quid
2523 1625 2684 1693 enim
2722 1618 2964 1687 add¹tur
3006 1623 3155 1688 iilud
3194 1618 3362 1696 δούς,
3404 1625 3459 1685 si
3502 1631 3565 1685 et
3608 1626 3649 1688 ii
3690 1626 3750 1685 in
3790 1628 4073 1703 Areopa·-

433 1752 576 1811 gum
619 1735 1090 1807 deducebantur,
1153 1736 1256 1811 qui
1299 1750 1412 1811 per
1452 1736 1706 1795 aiterum
1751 1748 2054 1795 venenum
2117 1732 2548 1811 porrigendum
2604 1734 3007 1795 curaverant?
3071 1764 3157 1775 -·-
3216 1732 3433 1809 Neque
3494 1735 3595 1799 ille
3636 1732 4073 1798 Demosthenis

431 1847 608 1907 locus
651 1847 726 1923 (c.
774 1846 920 1907 Gon.
971 1844 1149 1916 1264,
1195 1841 1302 1917 20)
1345 1862 1530 1921 quem
1568 1844 1698 1922 jam
1739 1862 1927 1921 supra
1967 1846 2293 1921 tetigimus,
2334 1846 2595 1906 idoneus
2635 1850 2750 1916 est,
2798 1844 2905 1921 qui
2946 1843 3197 1905 dubium
3242 1843 3422 1907 nobis
3462 1850 3711 1906 moveat
3749 1845 4069 1921 (Herman-

433 1972 550 2019 nus
593 1950 960 2033 &tentantia
1003 1948 1086 2020 ὓ.
1140 1954 1256 2017 102
1299 1954 1368 2017 N.
1413 1951 1458 2015 4
1499 1970 1574 2016 eo
1617 1953 1848 2018 offendi
1887 1952 2169 2027 videtur).
2258 1955 2427 2027 Nam,
2484 1962 2551 2015 ut
2592 1954 2877 2026 diximuS,
2942 1954 3251 2015 nescimus
3294 1954 3491 2030 plane,
3556 1970 3633 2015 an
3676 1970 3799 2016 non
3866 1954 4073 2015 caedis

435 2067 532 2127 vel
576 2060 960 2142 βουλεύσεως
996 2066 1156 2125 actio
1201 2066 1426 2127 intenta
1469 2066 1646 2128 suerit
1685 2068 1839 2143 patri
1883 2065 2237 2129 sacerdotis,
2338 2064 2617 2127 Ceterum
2658 2064 2715 2125 is
2768 2080 2891 2125 non
2933 2071 3145 2127 auctor
3184 2062 3549 2129 verberandi
3604 2062 3719 2126 sed
3760 2064 4073 2127 continua·

431 2176 650 2236 dorum
715 2182 942 2237 tantum
1009 2175 1330 2237 verberum
1393 2175 1746 2239 adhortator
1787 2176 1984 2237 fuisse
2021 2174 2278 2237 videtur.
2404 2175 2685 2251 Denique
2746 2172 3025 2235 scholion
3070 2174 3249 2235 etiam
3291 2172 3371 2236 ad
3412 2172 3643 2235 Aesch.
3687 2173 3751 2233 F.
3796 2174 3859 2235 L.
3906 2174 3945 2250 ξ
3988 2172 4070 2236 87

435 2284 686 2363 Ephetis
729 2281 1062 2361 βούλευσιν
1098 2284 1486 2360 judicandam
1532 2285 1762 2347 tribuit:
1827 2288 2111 2353 ἐδίκαᾶον
2167 2288 2234 2345 δὲ
2275 2283 2363 2360 (oi
2399 2278 2675 2363 Ἐφέτωι)
2738 2277 3041 2346 ἀκουσίου
3100 2279 3305 2358 φόνον
3356 2287 3467 2346 καὶ
3522 2277 3929 2360 βουλεύσεως,
3969 2288 4078 2345 καὶ

435 2398 673 2470 οἰκέτην
713 2389 760 2469 ἦ·
799 2396 1074 2467 μέτοικον
1113 2388 1160 2469 ἢ·
1198 2396 1378 2461 ξένον
1420 2387 1857 2455 ἀποκτείναντι
1965 2396 2158 2459 Simul
2199 2395 2397 2457 hocce
2442 2394 2677 2456 scholio
2722 2394 3061 2457 edocemur
3110 2392 3407 2469 judicium
3448 2394 3940 2469 Areopagiticum
3998 2392 4075 2453 de

435 2504 788 2565 criminibus
829 2504 889 2563 in
931 2505 1068 2579 lege
1109 2512 1318 2569 nostra
1361 2506 1724 2567 enumeratis
1765 2512 1893 2567 tum
1935 2513 2162 2567 tantum
2207 2503 2595 2581 cognovisse,
2638 2503 2693 2568 si
2734 2504 2800 2565 in
2838 2502 3011 2565 cives
3052 2502 3460 2568 Athenienses
3516 2510 3686 2567 erant
3724 2503 4072 2567 commissa.

635 2613 774 2673 Jam
805 2614 1028 2689 paucis
1093 2630 1493 2691 exponamus
1561 2630 1724 2692 quae
1767 2614 1846 2677 dc
1907 2620 2194 2693 quattuor
2254 2614 2624 2691 Ephetarum
2688 2613 3086 2677 tribunalibus
3146 2630 3485 2690 eorumque
3560 2614 3767 2675 causis
3810 2612 4077 2675 notanda

439 2738 582 2785 csse
646 2721 941 2783 videntur.
1081 2722 1350 2800 Mythica
1407 2726 1525 2797 illa,
1591 2742 1752 2802 quae
1815 2724 1918 2789 de·
1951 2725 2163 2803 ,iudicii
2235 2725 2319 2788 ad
2378 2723 2647 2790 Palladis
2708 2711 2969 2789 'sacrum
3042 2724 3413 2791 iristitutione
3488 2723 3653 2801 apud
3716 2724 4075 2785 Pausaniam

437 2835 522 2909 (l,
567 2833 666 2906 28,
709 2829 778 2906 8)
821 2835 1105 2906 feruntur,
1143 2835 1272 2910 jam
1315 2836 1742 2912 praetermitto,
1871 2839 2145 2914 Apparet
2183 2851 2261 2897 ex
2308 2835 2403 2908 iis,
2470 2835 2651 2903 etiam
2692 2835 2861 2900 iilud·
2903 2835 3099 2924 forum
3134 2835 3265 2910 jam
3330 2835 3661 2911 antiquitus
3714 2834 3775 2894 in
3818 2849 3939 2896 usu
3982 2834 4076 2894 fu-

439 2944 584 3004 isse.
641 2943 900 3004 Crimina
943 2944 998 3004 ei
1041 2942 1279 3004 addicta
1321 2951 1558 3020 praeter
1598 2963 1785 3008 unum
1831 2954 2256 3011 enumerantur
2296 2946 2357 3008 in
2410 2945 2651 3008 scholio
2696 2945 2881 3008 modo
2924 2945 3190 3009 laudato.
3292 2943 3477 3010 Erant
3518 2943 3743 3006 caedes
3796 2957 3917 3006 non
3960 2960 4075 3005 vo-

443 3052 715 3125 luntaria,
758 3047 1085 3130 βούλευσις
1127 3061 1186 3114 et
1229 3055 1284 3116 si
1326 3055 1466 3131 quis
1509 3057 1906 3118 voluntariam
1951 3055 2200 3119 caedem
2245 3056 2475 3118 homini
2516 3056 2757 3118 civitate
2798 3056 2999 3117 Attica
3050 3071 3173 3118 non
3216 3055 3529 3127 instructo,
3584 3054 3621 3114 i.
3668 3069 3720 3114 e.
3762 3053 4073 3130 inquilino,

435 3161 768 3238 peregrino,
810 3161 1152 3223 homicidae
1195 3165 1476 3236 exulanti,
1535 3173 1870 3242 paraverat.
1977 3165 2277 3241 Pleraque
2320 3165 2664 3226 testimonia
2706 3170 2767 3224 et
2806 3163 3169 3238 gravissima
3220 3161 3415 3240 (Dem.
3456 3163 3643 3224 Arist.
3688 3163 3728 3242 ξ
3774 3163 3873 3238 71,
3916 3163 4071 3226 Har-

439 3271 731 3348 pocratio.
776 3287 825 3332 S.
871 3289 930 3332 v.
974 3275 1071 3330 ἐπὶ
1109 3275 1470 3352 Παλλαδίῳ,
1507 3275 1783 3336 Eustath.
1829 3275 1908 3336 ad
1931 3275 2044 3336 od.
2088 3293 2148 3350 p.
2181 3274 2355 3346 1419,
2381 3271 2487 3346 52)
2532 3272 2737 3336 caedis
2784 3273 3157 3337 voluntariae
3198 3273 3279 3334 ad
3318 3272 3651 3334 Palladium
3692 3287 4070 3350 persequen-

441 3381 724 3444 daenon
767 3381 990 3442 faciunt
1031 3381 1412 3455 mentionem,
1457 3394 1659 3459 neque
1701 3385 1878 3460 igitur
1917 3384 2048 3446 sine
2087 3384 2214 3444 ullo
2252 3383 2393 3459 jure
2437 3382 2674 3447 scholio
2718 3384 2799 3446 illi
2842 3384 3256 3460 suspicionem
3299 3399 3679 3447 moveamus.
3746 3382 3871 3444 Sed
3914 3397 4075 3460 quae

441 3491 836 3567 Harpocratio
883 3489 1130 3552 exhibet
1171 3492 1270 3568 (cf.
1313 3509 1374 3570 p.
1417 3488 1524 3564 46)
1587 3491 1742 3554 adeo
1785 3509 1926 3554 cum
1981 3491 2353 3554 scholiastae
2391 3494 2585 3558 nostri
2638 3493 2845 3558 verbis
2888 3500 3241 3570 congruunt,
3304 3498 3373 3554 ut
3410 3500 3671 3570 uterque
3734 3508 3812 3552 ex
3856 3491 4073 3554 eodem

440 3601 604 3662 fonte
645 3599 954 3674 hausisse,
999 3601 1163 3678 apud
1204 3601 1370 3664 illum
1433 3619 1584 3666 vero
1627 3605 1967 3679 posteriora
2011 3604 2315 3666 interiisse
2358 3603 2689 3666 videantur.
2776 3602 3227 3670 ,Demosthenis
3270 3610 3473 3664 autem
3536 3603 3739 3662 minus
3796 3603 4071 3674 interfuit,

441 3727 657 3774 omnes
695 3725 916 3771 causas
961 3718 1242 3773 accurate
1283 3727 1654 3785 enumerare,
1700 3728 1888 3790 quum
1931 3712 2350 3786 Charidemus
2394 3714 2454 3774 in
2482 3713 2682 3790 'quus
2722 3715 2993 3782 favorem
3036 3714 3323 3790 scriptum
3368 3719 3497 3774 erat
3534 3709 3891 3790 psephisma
3934 3729 4073 3774 ora-

435 3821 600 3884 tione
640 3827 850 3884 nostra
891 3821 1319 3898 impugnatum,
1365 3837 1488 3882 non
1531 3828 1700 3884 esset
1741 3823 2112 3900 peregrinus,
2158 3823 2270 3886 sed
2312 3823 2465 3884 civis
2506 3821 2919 3884 Atheniensis.
3000 3821 3199 3884 Aliud.
3236 3814 3415 3886 etiam
3458 3821 3757 3894 scholion,
3802 3821 3973 3900 quod
4014 3823 4073 3882 in

437 3929 624 3990 Beck.
648 3931 844 3992 Ancd.
887 3947 946 4006 p.
975 3929 1094 3992 194
1137 3932 1468 3994 invenitur:
1511 3928 1662 4005 „dciv
1697 3927 1978 4006 μετοικεῖν
2019 3947 2105 3995 τις
2147 3925 2497 4006 ἀποκτείνῃ,
2538 3934 2751 4008 φυγῆς
2789 3928 2984 4006 μόνον
3022 3926 3467 4004 κατεδυιὰἃετο,
3492 3929 3603 3993 ἐὰν
3644 3935 3845 4006 μέντοι
3885 3925 4075 3992 ἄατον

436 4032 709 4096 θάνατος
749 4035 790 4116 ἡ
833 4038 1074 4115 enula&
1119 4040 1404 4103 idoneum
1449 4048 1562 4111 est,
1621 4041 1792 4119 quod
1833 4041 2062 4118 aliquid
2103 4041 2495 4104 dubitationis
2538 4043 2719 4104 nobis
2762 4041 3003 4104 adimat„
3134 4041 3285 4104 Nam
3326 4042 3381 4104 si
3446 4041 3623 4108 aliam
3686 4055 3947 4118 poenam
3992 4041 4067 4102 iis

435 4153 792 4220 statuerunt,
833 4150 938 4228 qui
981 4151 1198 4223 civem,
1241 4151 1417 4214 aliam
1441 4151 1546 4228 qui
1587 4151 1940 4227 inquilinum
1987 4151 2334 4224 occidisset,
2358 4151 2567 4230 quidni
2610 4153 2707 4214 alii
2752 4152 2931 4214 etiam
2967 4151 3199 4228 judicio
3220 4151 3493 4229 inquilini
3534 4149 3782 4215 caedem
3808 4165 4072 4228 cognos-

439 4256 692 4318 cendam
737 4257 970 4320 tradere
1015 4261 1380 4337 potuerunt?
1463 4262 1856 4338 Areopagum
1897 4262 2076 4337 igitur
2115 4260 2196 4324 de
2239 4263 2461 4324 civium
2506 4269 2752 4336 tantum,
2796 4262 3063 4340 Ephetas
3106 4261 3187 4330 ad
3204 4261 3539 4325 Palladium
3580 4260 3660 4320 de
3700 4261 4071 4340 reliquomm

437 4367 628 4428 caede
669 4369 948 4430 consulto
992 4371 1150 4432 facta
1185 4369 1504 4446 ,iudicasse
1545 4372 1870 4434 verisimile
1913 4379 2025 4432 est.

635 4477 738 4538 Ad
777 4476 1164 4555 Delphinium
1205 4480 1284 4540 de
1318 4480 1488 4556 justa
1531 4479 1720 4544 caede
1761 4480 2161 4558 disceptatum
2205 4497 2369 4556 esse,
2414 4497 2593 4544 nemo
2638 4483 2834 4544 nescit
2888 4483 2991 4560 (cl'.
3035 4481 3203 4543 Dem.
3249 4481 3433 4542 Arist.
3477 4477 3517 4556 ξ
3561 4477 3685 4552 72).
3728 4481 4074 4540 Accusator

433 4585 564 4648 scil.
609 4586 1292 4667 internecionis,injuria
1335 4591 1528 4652 sactae
1569 4593 1868 4653 actionem
1911 4591 2252 4659 intendisse.
2286 4591 2593 4670 putandus
2636 4599 2761 4666 est;
2806 4594 2860 4654 si
2906 4593 3139 4656 facinus
3174 4592 3421 4670 quidem
3464 4591 3861 4654 confitebatur
3904 4605 4067 4660 mus,

429 4695 700 4758 habebat
739 4703 960 4773 autem,
1005 4701 1230 4777 quibus
1276 4715 1348 4764 se
1392 4710 1732 4777 excusaret,
1802 4717 2004 4780 neque
2043 4703 2246 4781 inepta
2290 4719 2431 4766 eum
2476 4701 2833 4770 obtendisse
2898 4709 3099 4764 statim
3156 4702 3507 4780 apparebat,
3568 4701 3796 4762 archon
3838 4715 3951 4760 rex
3995 4701 4075 4760 ad

437 4805 824 4883 Delphinium
869 4825 1120 4874 causam
1163 4812 1396 4874 deferre
1439 4812 1716 4876 debebat.
1823 4813 2198 4888 Quibusnam
2243 4812 2695 4876 conditionibus
2758 4812 2993 4874 licuerit
3054 4812 3299 4889 impune
3342 4809 3637 4884 occidere,
3682 4826 3872 4886 quum
3938 4811 4073 4872 aliis
4140 4864 4148 4870 .

431 4916 601 4988 locis,
647 4925 774 4980 tum
814 4919 1054 4996 legibus
1076 4918 1218 4998 §.53
1243 4929 1304 4984 et
1322 4923 1402 4985 60
1426 4923 1596 4986 Dem.
1621 4925 1808 4990 Arist.
1853 4925 2049 4988 allatis
2073 4923 2421 4987 edocemur.
2444 4924 2485 5001 ς
2508 4921 2618 4986 53:
2674 4915 2825 4984 Ἐάν
2866 4937 2953 4984 τις
2974 4915 3299 4996 ἀποκτείνῃ
3339 4924 3404 4980 ἐν
3446 4914 3666 4980 ἄθλοις
3706 4912 3881 4979 ἄκων
3925 4913 3969 4995 ἢ
4008 4924 4075 4978 ἐν

439 5015 566 5106 ὅδφ
605 5025 898 5090 καθελὼν
936 5025 980 5110 ἢ
1019 5035 1089 5094 ἐν
1131 5035 1370 5112 πολέμῳ
1415 5026 1748 5110 ἀγνοήσας,
1815 5027 1860 5110 ἢ
1901 5039 1997 5096 ἐπὶ
2041 5031 2305 5111 δάμαρτι
2347 5028 2391 5110 ἢ
2434 5036 2531 5096 ἐπὶ
2571 5037 2751 5109 μητρὶ
2810 5026 2855 5110 ἢ
2897 5025 2981 5092 ἐπ’
3028 5025 3275 5108 ἀδελφῇ
3334 5023 3377 5104 ἢ
3418 5031 3515 5088 ἐπὶ
3552 5033 3829 5120 ,Svyoerpi
3892 5023 3937 5106 ἢ
3979 5032 4077 5090 ἐπὶ

3670 5149 3701 5196 2
