4559 5625
501 518 918 590 argumentum
963 528 1042 573 ex
1085 514 1225 575 Ant.
1247 512 1402 575 Tetr.
1446 520 1508 589 β.
1531 514 1572 591 ᾖ
1595 512 1636 575 9
1679 512 1880 587 sumit,
1921 512 2030 575 ubi
2073 513 2279 575 caedis
2322 527 2495 575 reum
2540 512 2971 577 sic-habemus
3011 515 3451 593 disputantem:
3496 512 3645 589 „air
3681 519 3751 577 δὲ
3790 484 3914 577 φῶ)
3952 540 4133 579 κατα-

501 625 766 701 ληφθεὶς
805 615 1138 695 ἀποθάνω,
1179 616 1406 683 ἀνόσια
1437 617 1652 699 ὀνείδη
1688 631 1822 683 τοῖς
1862 626 2036 681 παισὶ
2075 624 2450 696 καταλείψω,
2490 617 2547 703 ἢ
2577 621 2807 698 φυγὰν
2828 627 3046 699 -γέρων
3086 630 3197 687 καὶ
3236 621 3454 687 ἄπολις
3496 620 3589 688 οόν
3630 630 3731 689 ἐπὶ
3746 630 3941 693 ξένοις
3981 648 4135 688 πτω-

501 728 755 805 χεύσω.“
807 735 1017 810 Atque
1059 732 1228 809 quod
1270 734 1676 795 contumeliae
1717 740 1946 796 tantum
1986 749 2060 795 se
2103 740 2343 796 mortno
2388 733 2595 794 liberis
2638 735 2903 797 oriturae
2950 752 3153 813 neque
3194 737 3339 797 item
3380 752 3595 797 eorum
3638 737 3925 815 egestatis
3964 754 4134 799 men-

499 844 726 908 tionem
768 843 924 915 sacit‚
969 841 1076 919 qui
1117 841 1260 904 dicit
1296 856 1570 915 >eausam
1611 841 1756 907 indo
1795 844 1872 903 M.
1917 842 2156 919 colligit,
2201 848 2395 905 morte
2438 844 2826 905 mutatam-um
2870 844 3185 907 facultates
3228 862 3355 907 non
3394 862 3543 907 esse
3582 848 3965 909 confiscatas.
4010 848 4135 911 Sed

504 970 801 1029 quaeram
837 968 876 1015 e
913 953 1048 1013 viro
1093 952 1514 1027 sagacissimo,
1559 967 1668 1011 cur
1710 967 1900 1028 quum
1945 954 2218 1025 alter-mn,
2263 954 2423 1015 exilii
2468 954 2619 1027 scil„
2666 966 2877 1015 casum
2918 971 3065 1016 reus
3108 964 3311 1033 ponat,
3356 956 3433 1017 de
3476 972 3593 1017 sua
3630 964 3861 1019 tantum
3891 958 4133 1019 calami-

503 1071 630 1125 tate
670 1068 1064 1140 egestateque
1103 1062 1390 1137 loquatur
1432 1077 1634 1137 neque
1676 1062 1815 1125 item
1860 1061 1938 1122 de
1967 1061 2309 1128 ,liberorum
2352 1056 2753 1125 cantumelia.
2860 1064 3141 1125 Forsitan
3206 1066 3347 1126 inde
3410 1075 3839 1142 consequatur,
3886 1068 4133 1129 exulum

499 1175 710 1237 liberis
749 1172 1132 1249 ignominiam
1177 1186 1297 1233 non
1341 1178 1540 1233 natam
1585 1173 1766 1231 esse?
1871 1172 2102 1233 Locum
2145 1170 2453 1247 ejusmodi
2496 1186 2659 1245 esse,
2725 1180 2795 1234 ut
2830 1173 2977 1235 nihil
3018 1190 3119 1249 ex·
3144 1192 3227 1236 eo.
3284 1176 3564 1237 concludi
3606 1176 3823 1253 possit,
3866 1178 4135 1254 quisque

505 1283 750 1345 videbit.
773 1312 856 1325 ——
879 1283 1156 1344 Alterum
1199 1288 1614 1356 argumentum
1635 1280 1812 1343 hisee
1849 1282 1976 1343 fere
2019 1282 2381 1347 continetur:
2426 1282 2509 1353 „E
2554 1282 3029 1360 propinquorum
3046 1285 3301 1347 arbitrio
3348 1285 3649 1362 dependit,
3690 1294 3893 1349 utrmn
3934 1286 4132 1349 homi-

503 1393 640 1455 cida
676 1394 736 1453 in
773 1390 879 1469 jus
923 1396 1246 1451 vocaretur
1283 1400 1364 1455 an
1407 1408 1548 1453 non.
1615 1392 1681 1453 Si
1725 1407 1872 1453 vere
1915 1391 2050 1455 fisci
2093 1391 2370 1464 interluit,
2415 1399 2483 1453 ut
2521 1393 2789 1453 lueretur
2829 1394 3074 1467 eritnen,
3120 1396 3385 1457 maxime
3425 1396 3763 1459 mirandum
3806 1406 3919 1470 est,
3966 1399 4132 1475 quod

505 1520 624 1565 non
668 1503 890 1579 cuique
934 1502 1156 1563 civium
1201 1500 1496 1563 actionem
1536 1500 1846 1563 intendere
1887 1500 2106 1565 licuit“.
2205 1506 2497 1565 Attamen
2540 1502 2969 1576 AthenienseS,
3036 1522 3225 1580 quum
3270 1506 3691 1568 damnatorum
3732 1508 3896 1569 bona
3935 1509 4134 1584 puhli-

503 1620 724 1685 carent‚
769 1628 918 1673 sane
959 1610 1020 1671 id
1061 1611 1256 1686 magis
1298 1618 1714 1687 respexerunt,
1777 1618 1846 1674 ut
1887 1612 2163 1687 punirent
2204 1612 2363 1683 illos,
2430 1628 2615 1688 quam
2658 1619 2725 1673 ut
2764 1629 2893 1675 rem
2935 1614 3101 1690 publ.
3144 1616 3595 1692 locupletarent.
3699 1617 3882 1693 Quod
3922 1619 3977 1678 si
4019 1626 4131 1690 est,

503 1740 683 1785 nemo
726 1722 862 1783 fisci
903 1719 1292 1784 commodum
1333 1719 1470 1781 aliis
1508 1719 1844 1781 rationibus
1885 1720 2301 1797 posthabitum
2346 1736 2491 1783 esse
2532 1722 2857 1783 mirabitur.
2940 1694 3269 1785 Praeterea¹
3301 1726 3575 1787 vindices
3616 1726 3885 1788 adhibita
3906 1742 4133 1804 epago-

505 1850 615 1910 ges
657 1832 756 1892 vel
801 1831 1074 1891 endeixis
1119 1830 1356 1891 actione
1396 1828 1761 1891 homicidam
1785 1829 2128 1907 aufugiendi
2171 1832 2497 1896 occasione
2538 1830 2795 1909 privare,
2820 1844 2965 1909 ergo
3008 1850 3087 1895 ex
3130 1835 3325 1911 ipsius
3368 1836 3626 1897 Meieri
3673 1836 3957 1915 opinione
3978 1838 4133 1898 fisco

509 1942 799 2007 damnum.
837 1942 1056 2003 inferre
1097 1947 1389 2016 poterant.
1409 1970 1498 1981 -
1515 1940 1778 2004 Tertium
1819 1948 2238 2017 argumentum
2279 1942 2502 2017 petitur
2544 1959 2579 2003 e
2620 1941 2769 2002 Poll.
2793 1943 2949 2015 VIII,
2974 1944 3047 2005 9:
3091 1940 3395 2019 Πωλὴται.
3421 1942 3831 2021 πιπράσκουσι
3868 1942 3977 2005 τὰς
4016 1947 4142 2006 τῶν

509 2057 580 2117 ἐξ
615 2046 735 2127 Ἀρ.
779 2071 926 2125 aar.
967 2044 1116 2123 μετὰ
1155 2045 1264 2111 τὸν
1305 2044 1606 2123 πρότερον
1643 2045 1840 2123 λόγον
1881 2045 2217 2124 φυγόντων
2259 2044 2490 2112 οὐσίας.
2576 2052 2847 2126 „Quidni‚
2892 2054 2975 2113 ait
3012 2054 3109 2125 M„
3152 2056 3507 2129 generaliter
3546 2053 3657 2115 τὰς
3696 2059 3823 2116 τῶν
3864 2059 3933 2120 ἐξ
3952 2066 4031 2116 -Α,
4074 2076 4139 2119 κ.

509 2162 1048 2233 κατασικασμάνων
1089 2151 1306 2222 οὐσίας
1349 2158 1624 2232 dixisset,
1668 2160 1722 2219 ei
1767 2160 2033 2224 omnium
2073 2176 2307 2232 eorum,
2352 2176 2515 2237 quos
2558 2164 2923 2238 Areopagus
2967 2161 3377 2236 damnaverat,
3419 2165 3582 2226 bona
3624 2164 4143 2241 publicarentur-‘3⁴‘

513 2274 598 2335 At
639 2276 852 2333 contra
893 2268 1016 2329 hoc
1057 2268 1426 2335 monendum
1471 2277 1582 2342 est,
1627 2269 1954 2342 Pollucem,
2019 2270 2122 2331 cui
2161 2287 2287 2333 non
2326 2278 2455 2331 tosta
2496 2288 2713 2343 rerum,
2760 2288 2919 2347 quas
2964 2272 3217 2346 tradidit,
3260 2275 3430 2347 ratio,
3476 2274 3589 2335 sed
3632 2276 3867 2352 singula
3908 2282 4137 2337 tantum

505 2386 802 2457 excerpta
845 2378 924 2441 ob
965 2379 1188 2441 oculos
1232 2378 1651 2452 versabantur,
1715 2382 1856 2455 plus
1901 2382 2093 2441 semel
2137 2380 2473 2456 simplicius
2514 2382 2613 2440 vel
2657 2382 2999 2443 accuratius
3042 2382 3245 2444 dicere
3300 2382 3609 2445 debuisse.
3716 2384 3883 2445 Idem
3924 2386 4142 2447 Pollux

507 2510 558 2555 e.
601 2508 659 2568 g.
705 2492 766 2551 in
807 2488 1028 2555 eodem
1067 2488 1222 2551 libro
1265 2490 1450 2565 paulo
1497 2496 1634 2551 ante
1675 2490 1874 2561 refert,
1938 2506 2156 2567 regem·
2189 2484 2303 2551 τὰς
2342 2484 2605 2564 parmas
2645 2492 2821 2551 δίκας
2862 2492 2919 2551 in
2962 2494 3355 2571 Areopagum
3421 2494 3819 2555 introducere.
3926 2496 4141 2571 Quidni

509 2602 866 2679 generaliter
908 2598 1078 2661 dicit:
1125 2593 1268 2670 „rois-
1306 2595 1570 2673 φονικὰς
1611 2602 1787 2659 δίκας
1827 2595 2130 2674 aleardi
2198 2602 2299 2659 An
2340 2599 2481 2661 inde
2522 2600 2803 2676 colligere
2845 2602 2999 2675 licet,
3042 2618 3247 2679 regem
3290 2604 3349 2664 in
3392 2605 3627 2683 reliqua
3662 2604 3895 2681 judieia
3932 2605 4142 2667 caedis

505 2726 732 2775 causas
773 2726 898 2771 non
939 2708 1258 2771 intulisse?
3400 2770 3405 2775 ,
3628 2766 3631 2773 .

707 2820 1028 2896 Quomodo
1069 2820 1369 2896 peregrini
1413 2826 1488 2880 et·
1515 2819 1678 2880 servi
1723 2819 1974 2882 caedem
2015 2821 2375 2896 puniverint,
2419 2819 2599 2881 nobis
2640 2835 2763 2882 non
2806 2820 3071 2885 traditur.
3166 2823 3333 2886 Licet
3372 2831 3575 2886 autem
3619 2825 3941 2900 conjicere,
3986 2841 4133 2902 poe-

501 2949 616 2994 nas
663 2929 912 2992 easdem
957 2931 1165 3002 fuisse,
1211 2945 1368 3006 quas
1411 2929 1682 3006 inquilini
1727 2929 2140 2992 interfectores
2185 2929 2497 3002 dederunt,
2541 2931 2578 2992 i.
2624 2947 2676 2992 e.
2720 2931 2971 2994 exilium·
3008 2931 3109 3008 (cf.
3152 2933 3343 2995 Beck.
3382 2933 3616 2996 Anecd.
3662 2952 3723 3012 p.
3757 2932 3896 3008 ¹9⁴)
3940 2943 3999 2996 et
4042 2935 4137 3010 (ut

505 3059 619 3120 ego
665 3039 912 3119 quidem
960 3035 1210 3112 censeo)
1252 3039 1342 3099 rei
1384 3041 1692 3101 familiaris
1737 3040 2246 3100 confiscationem.
2295 3039 2407 3114 Qui
2449 3039 2814 3101 homicidam
2858 3043 3202 3104 exulantem
3246 3050 3453 3104 contra
3486 3043 3593 3119 J'us
3639 3044 3959 3117 occiderat,
4002 3061 4143 3106 eum

510 3155 612 3214 lex
656 3151 866 3229 (Arist.
913 3150 952 3226 ᾖ
997 3143 1107 3228 37)
1154 3152 1220 3207 ἐν
1259 3149 1350 3228 τῷ
1390 3143 1568 3229 αὐτῷ
1611 3149 1922 3221 ἐνέχεσθαι
1955 3147 2134 3225 jubet
2173 3141 2378 3224 ὥσπερ
2420 3145 2529 3224 τᾶν
2562 3143 2895 3225 Ἀθηναῖον
2938 3143 3399 3219 ἀποκτείναντα,
3444 3153 3480 3212 i.
3527 3169 3579 3213 e.
3624 3154 3717 3229 (ut
3758 3164 3963 3216 orator
4001 3156 4040 3232 ᾖ
4062 3156 4141 3216 41

507 3257 952 3340 interpretetur)
979 3259 1248 3322 ,easdem
1293 3275 1526 3335 poenas
1562 3258 1724 3332 dare,
1771 3275 1928 3335 quas
1973 3259 2079 3336 qui
2121 3259 2560 3320 Atheniensem
2604 3260 3023 3322 interemisset.
3112 3261 3309 3336 Quum
3352 3262 3529 3338 igitur
3568 3262 3871 3338 ejusmodi
3911 3263 4143 3323 malefi-

507 3387 646 3434 cum
689 3370 902 3448 capitis
947 3370 1248 3445 supplicio
1289 3367 1574 3430 affectum
1619 3384 1762 3430 esse
1801 3375 2108 3446 appareat,
2151 3370 2258 3430 vix
2301 3377 2464 3433 stare
2506 3371 2709 3448 possit
2747 3387 2961 3432 eorum
2982 3371 3190 3448 opinio
3232 3370 3323 3448 (C.
3344 3373 3409 3432 F.
3454 3373 3851 3434 Hermann.
3896 3365 4145 3436 &tonte-

507 3475 728 3558 nlteril).
771 3481 811 3557 ξ
843 3479 976 3550 11)·7,
1020 3477 1088 3540 N.
1117 3474 1200 3550 7),
1239 3479 1350 3554 qui
1395 3477 1473 3550 ad
1515 3479 1848 3542 Palladium
1889 3480 2102 3540 mortis
2145 3494 2405 3556 poenam
2449 3481 2733 3558 cuiquam
2775 3482 3223 3557 pronuntiatam
3268 3495 3412 3544 esse
3454 3487 3683 3557 negant.
3737 3479 3943 3543 Verba
3984 3485 4143 3546 enim

509 3587 654 3665 „nir
689 3582 1056 3664 Ἀθηναῖον(
1120 3589 1456 3665 significant
1498 3595 1706 3665 aperte
1767 3588 1965 3650 civem
2007 3587 2465 3661 Atheniensem,
2528 3605 2731 3666 neque
2774 3605 2851 3650 ea
2910 3590 3281 3666 interpretari
3324 3591 3477 3661 licet,
3542 3589 3701 3649 sicut
3740 3590 3873 3654 Rie
3890 3609 3951 3652 m
3970 3607 4141 3652 erus

507 3703 572 3778 (l.
599 3717 649 3760 c.
695 3715 757 3777 p.
781 3695 926 3770 293:
969 3697 1384 3770 ,Athenarum
1426 3701 1706 3771 incolam,
1752 3699 1890 3762 sive
1927 3701 2108 3763 ξένον
2149 3699 2282 3760 sive
2322 3697 2649 3773 uoumv“;
2692 3713 2832 3760 nam
2875 3701 3163 3777 quoniam
3212 3702 3377 3762 cives
3420 3705 3483 3760 et
3520 3701 3875 3777 peregrinos
3916 3699 4137 3760 diversi

511 3811 668 3886 juris
711 3810 905 3870 fuisse
945 3816 1200 3880 constet,
1243 3809 1362 3871 hae
1403 3810 1804 3889 explicatione
1847 3823 2100 3874 sensum
2141 3809 2319 3885 plane
2358 3808 2649 3872 incertum
2692 3810 2753 3872 in
2794 3810 2988 3884 legem
3024 3811 3397 3872 inferremus.

713 3919 826 3995 Qui
867 3922 936 3978 ἐκ
979 3921 1270 3994 προνοίας
1311 3920 1791 3990 vulneraverant,
1839 3919 2204 3996 sempiterno
2249 3919 2431 3982 exilio
2475 3933 2802 3995 rerumque
2844 3919 3275 3982 confiscatione
3316 3919 3733 3994 puniebantur.
3816 3919 3957 3994 Lysi.
3978 3917 4138 3978 And.

510 4029 550 4106 ᾗ
599 4031 712 4092 15:
768 4075 790 4094 .
813 4056 874 4094 .··.
887 4025 1176 4103 φεύξεται
1215 4025 1332 4104 τὴν
1369 4030 1487 4090 τοῦ
1545 4021 1938 4104 &sumemus
1989 4023 2187 4090 πόλιν.
2267 4029 2414 4108 Lys.
2458 4045 2509 4090 c.
2557 4030 2701 4092 Sim.
2746 4029 2787 4107 ξ
2830 4028 2911 4092 38
2954 4029 3099 4092 dicit
3138 4023 3485 4102 τραύματος
3524 4033 3593 4088 ἐκ
3632 4029 3926 4102 προνοίας
3966 4043 4137 4092 reus:

513 4142 684 4214 „napi
725 4143 1016 4215 πατρίδος
1053 4143 1162 4200 καὶ
1201 4141 1309 4214 τῆς
1351 4139 1626 4211 ἐμαυτοῦ
1665 4133 1908 4222 ἁγάσης
1947 4133 2337 4203 moenum&
2390 4139 2502 4200 Est
2542 4140 2757 4202 tertius
2798 4139 2963 4216 apud
3005 4137 3263 4198 eundem
3304 4138 3551 4215 Lysiam
3590 4139 3785 4209 leena,
3830 4140 3935 4216 qui
3978 4151 4139 4198 morr-

509 4251 590 4311 tis
632 4265 892 4327 poenam
935 4250 1236 4310 interdum
1279 4255 1542 4309 sumtarn
1586 4263 1748 4322 esse,
1791 4247 2030 4312 videtur
2069 4251 2346 4327 probare.
2408 4249 2608 4326 Rogat
2649 4249 2809 4310 enim
2852 4249 2910 4310 in
2955 4255 3101 4310 orat.
3145 4251 3295 4322 Περὶ
3332 4269 3421 4323 τρ.
3446 4251 3513 4308 ἐκ
3552 4266 3652 4323 πρ.
3696 4251 3831 4323 περὶ
3872 4238 3951 4310 οὖ
3992 4242 4143 4322 πρὸς

509 4353 588 4418 ὅν
629 4359 668 4436 ξ
721 4358 796 4421 18
840 4360 912 4432 ie,
959 4361 1070 4435 qui
1113 4357 1569 4430 causamdicit,
1611 4366 1680 4420 ut
1715 4359 1960 4436 jndices
2003 4367 2183 4425 caute
2225 4361 2634 4438 consultoque
2676 4365 2858 4434 agant
2900 4350 3359 4431 ἐνθυμούμενοι,
3404 4349 3497 4416 ὅτι
3539 4360 3673 4431 περὶ
3712 4359 3821 4431 τῆς
3856 4358 4144 4433 πατρίδος

505 4471 617 4528 καὶ
659 4470 802 4528 τοῦ
843 4471 1026 4546 βίου
1069 4463 1106 4526 ὁ
1155 4460 1358 4541 ἀγών,
1437 4467 1562 4530 Sed
1602 4485 1712 4546 per
1753 4464 2024 4545 αὔξησιν
2071 4470 2226 4538 illud
2268 4473 2440 4546 „napi
2480 4468 2661 4546 βίου“
2701 4467 2973 4528 additum
3014 4481 3161 4528 esse
3203 4475 3382 4545 put03
3442 4468 3705 4528 fortasse
3744 4481 3891 4528 reus
3935 4483 4011 4529 eo
4052 4467 4141 4528 in—

509 4579 712 4640 dicare
757 4579 963 4651 voluit,
1011 4593 1082 4638 se
1125 4583 1331 4654 erepta
1371 4579 1564 4655 patria
1609 4587 1668 4640 et
1709 4581 1990 4642 facultate
2034 4595 2311 4642 summae
2352 4579 2633 4639 miseriae
2676 4579 2959 4654 vitaeque
3000 4577 3283 4654 periculis
3325 4575 3629 4654 proditum
3670 4576 3757 4638 iri.
3798 4577 4142 4640 Possumus

509 4691 692 4750 etiam
732 4691 870 4765 βίος
891 4687 1262 4764 simpliciter
1305 4705 1416 4765 per
1456 4690 1726 4763 „victus“
1765 4691 2176 4768 interpretem
2239 4689 2401 4752 hanc
2442 4689 2602 4750 enim
2642 4703 3075 4764 nonnunquam
3118 4705 3265 4750 esse
3320 4687 3607 4750 vocabuli
3650 4686 4141 4763 signinoeuonem

505 4800 764 4876 quaevis
803 4799 1005 4858 lexica
1041 4797 1281 4860 docent.

707 4907 854 4968 Jam.
882 4923 1003 4968 nos⁴
1043 4906 1124 4968 ad
1147 4921 1284 4969 ,eos
1329 4917 1776 4983 convertamus,
1825 4912 1930 4988 qui
1973 4918 2184 4973 contra
2223 4910 2598 4970 voluntatem
2638 4916 3021 4972 necaverant.
3106 4907 3323 4970 Caedis
3366 4923 3487 4969 non
3530 4906 3905 4968 voluntariae
3944 4919 4144 4982 poena

507 5025 636 5079 erat
677 5015 944 5080 exilium.
1028 5017 1438 5092 condemnati,
1483 5029 1552 5084 ut
1593 5035 1808 5082 omnes
1853 5023 2134 5094 fortasse,
2178 5035 2343 5097 quos
2383 5017 2605 5080 horum
2648 5017 2960 5083 criminum
3004 5033 3193 5084 causa
3236 5019 3293 5080 in
3338 5018 3583 5080 exilium
3626 5013 3953 5089 mittebant,
3976 5021 4143 5078 certa
