4559 5625
435 478 620 555 abigit
660 494 861 557 eoque
903 477 1099 550 efficit,
1143 484 1210 539 ut
1249 478 1464 555 capitis
1507 476 1870 555 supplicium
1913 474 2182 551 sufferat,
2225 477 2433 539 caedis
2474 492 2725 538 causam
2770 476 3004 539 dicito“.
3094 462 3305 555 Neque
3350 484 3549 539 tamen
3592 476 3731 551 hoc,
3778 479 4059 555 quamvis

432 589 560 665 jam
603 588 798 665 magis
838 588 1100 648 Weste
1117 602 1220 647 rm
1238 586 1408 647 anni
1450 587 1938 665 interpretatione
1979 588 2232 665 placeat,
2278 587 2429 647 satis
2471 586 2787 663 probabile
2828 586 2978 649 mihi·
3022 587 3271 650 videtur.
3350 582 3531 667 ,Nam
3574 588 3753 649 nimis
3798 588 3947 649 inter
3992 602 4065 648 se

438 697 686 759 diversa
725 705 1070 759 est.eorum
1113 696 1282 769 ratio,
1325 697 1431 773 qui
1473 712 1581 775 pcr
1601 697 1725 757 vim
1768 695 2134 758 homicidam
2176 696 2235 755 in
2258 698 2497 773 culpam
2542 703 2923 774 mortemque
2966 697 3229 773 abigunt,
3253 705 3315 757 et
3354 698 3459 773 qui
3504 705 3722 775 sponte
3744 714 4059 759 reversum

439 808 886 885 magistratibus
929 806 1204 867 indicant.
1229 805 1788 883 -Expeditionem
1831 805 2008 867 unice
2027 811 2254 867 rectam
2297 804 2445 867 mihi
2486 806 2694 867 Platn
2714 822 2889 867 erus
2933 800 3079 883 (Qltt.
3102 800 3315 885 §Brocefi
3357 822 3416 883 p.
3441 802 3590 878 269)
3634 807 3929 883 praebere
3974 807 4063 866 vi-

438 917 631 989 detur,
673 920 868 995 legem
911 917 1003 977 sic
1043 918 1168 979 lere
1209 917 1634 992 interpretans:
1675 915 1824 991 „Qui
1865 913 2172 979 hominem
2213 916 2479 993 aliquem
2522 924 2809 993 tanquam
2833 916 3199 979 homicidam
3242 914 3569 977 interdictis
3612 916 3764 977 locis
3808 932 4061 977 versan-

437 1038 560 1089 tem
602 1027 894 1097 detulerit,
937 1026 989 1085 is
1031 1024 1238 1087 caedis
1281 1040 1527 1086 causam
1569 1040 1646 1083 ne
1683 1023 1883 1096 dicito,
1925 1025 2163 1087 etiamsi
2205 1026 2378 1090 Illum
2418 1027 2573 1109 salso
2618 1026 2881 1091 delatum
2926 1043 3071 1088 esse
3114 1035 3331 1104 postea
3366 1026 3733 1105 apparebit“.
3780 1027 4067 1087 Fortasse

439 1138 674 1213 legibus
716 1135 860 1199 huic
901 1142 1146 1197 nostrae
1185 1135 1553 1211 antegressis
1574 1142 1840 1209 ‚cautum
1883 1142 2024 1207 erat,
2091 1150 2166 1193 ne
2209 1136 2349 1211 quis
2392 1104 2617 1195 temere
2682 1137 2979 1197 insontem
3022 1153 3133 1213 pro
3176 1136 3481 1199 homicida
3523 1146 3780 1199 necaret.
3888 1136 4063 1199 Unde

441 1248 496 1307 si
529 1247 892 1321 colligerent,
917 1246 1090 1307 etiam
1135 1246 1210 1311 ils
1253 1244 1460 1305 caedis
1481 1244 1754 1305 actiones
1797 1244 2122 1318 imminere,
2147 1244 2251 1323 qui
2297 1260 2500 1306 errore
2524 1245 2687 1307 ducti
2730 1246 3077 1317 innocentis.
3088 1262 3309 1309 nomen
3354 1248 3731 1321 detulissent,
3776 1248 3909 1309 fieri
3948 1263 4067 1327 po-

441 1357 566 1427 tuit,
609 1363 678 1417 ut
719 1356 990 1437 plerique
1033 1356 1254 1417 civium
1295 1370 1427 1429 eOS,
1469 1371 1630 1436 quos
1673 1354 2014 1417 homicidas
2055 1354 2381 1447 redeuntes
2426 1372 2569 1419 esse
2612 1356 3084 1434 suspicarentur,
3106 1356 3369 1417 indicare
3411 1358 3651 1419 nollent.
3697 1358 3895 1433 Quum
3919 1374 4063 1419 vero

439 1466 668 1527 nefario
729 1467 1128 1543 relegatorum
1193 1464 1386 1525 reditu
1429 1465 1620 1543 patria
1661 1465 2046 1541 pollueretur,
2091 1480 2202 1525 eos
2245 1481 2433 1541 quam
2478 1464 2767 1549 citissime
2830 1464 3050 1527 deferri
3090 1474 3275 1543 atque
3318 1466 3377 1527 in
3420 1466 3761 1529 custodiam
3804 1466 3934 1529 dari
3976 1468 4065 1527 rei

441 1576 720 1653 publicae
759 1577 1080 1653 plurimum
1123 1574 1414 1633 intererat.
1461 1576 1673 1657 ltaque
1715 1582 1783 1635 ut
1823 1590 2066 1655 omnem
2107 1573 2329 1635 civium
2353 1573 2783 1640 dubitationem
2810 1582 3180 1653 ‚metumque
3223 1576 3341 1637 litis
3366 1577 3627 1662 oriturae
3668 1584 4069 1649 removerent,

442 1684 683 1747 disertis
729 1686 932 1747 verbis
977 1683 1415 1767 homicidarum
1455 1684 1762 1745 delatores
1807 1685 2021 1765 capitis
2065 1698 2358 1769 accusare
2406 1692 2743 1769 vetuerunt,
