4559 5625
495 512 705 588 iraque
747 510 947 572 affecti
989 510 1143 573 ultra
1188 510 1416 589 patriae
1459 511 1637 571 etiam
1681 510 1836 572 fines
1859 524 1969 573 eos
2013 520 2525 589 persequerentur
2568 512 2851 588 vitaeque
2892 524 3103 571 eorum
3145 499 3479 588 periculum
3498 520 3773 573 crearent
3814 513 4131 578 ediderunt

498 624 691 701 legem
733 620 772 699 ἦ
817 620 898 683 37
941 620 1110 682 Dem.
1157 621 1339 680 Arist.
1387 628 1723 681 servatam:
1769 615 1916 694 „dciv
1956 624 2020 681 δέ
2060 637 2147 681 τις
2185 616 2298 681 τόν
2334 616 2729 697 ανδρόφονον
2785 622 3007 695 κτάνῃ,
3030 606 3095 697 ἢ
3130 620 3327 680 αἴτιος
3364 612 3409 695 ᾖ
3468 616 3693 696 φόνου,
3754 615 4127 697 ἀπεχῦμενον

497 725 738 806 ἀγοραῖς
778 732 1036 804 ἐφορίας
1075 730 1183 789 καὶ
1225 724 1446 789 ἄθλων
1485 734 1592 791 καὶ
1633 732 1820 804 ἱερῶν
1855 724 2397 805 Ἀμφικτυονικῶν,
2430 724 2634 804 ὥσπερ
2676 726 2785 790 τὸν
2822 723 3109 805 ’Ληναῖον
3147 732 3468 807 κτείναντα
3511 734 3579 791 ἐν
3618 740 3745 792 τοίς
3786 726 4002 793 αὐτοῖς
4040 738 4131 794 ἐν·

495 840 788 913 έχεσθαθ.
811 870 898 883 —·-
917 840 1030 916 Qui
1073 846 1322 917 propter
1341 838 1590 901 caedem
1634 857 1755 902 non
1777 841 1898 901 vol.
1944 842 2200 917 patrium
2247 842 2449 902 solum
2472 847 2789 912 verterant,
2836 839 3015 901 etiam
3059 840 3299 901 laedere
3342 838 3627 902 vetabant
3665 842 3735 919 (ᾖ
3776 844 3859 907 44
3902 840 4128 915 Arist).

695 950 806 1026 Qui
851 950 1149 1026 legitimos
1212 950 1367 1012 fines
1410 948 1921 1021 transcenderant,
1987 962 2199 1010 eorum
2263 951 2571 1015 temeritas
2630 958 2827 1011 morte
2888 946 3110 1011 luenda
3152 950 3295 1010 erat.
3402 950 3702 1013 Pet-tinent
3764 950 3889 1013 huc
3950 955 4117 1029 leges

495 1059 534 1137 ξ
577 1058 660 1122 28
706 1068 764 1120 et
807 1060 846 1137 ς
870 1062 942 1121 51
995 1060 1200 1132 Arist„
1245 1076 1405 1136 quae
1448 1076 1636 1137 quum
1681 1060 1990 1136 paululum
2035 1059 2339 1121 obscurae
2380 1062 2517 1133 sint,
2562 1060 2919 1123 accuratiori
2962 1060 3431 1136 interpretationi
3476 1060 3893 1137 subjiciamus.
3935 1061 4131 1123 Nobis

489 1168 530 1247 ξ
571 1166 658 1231 28
697 1168 852 1229 haec
895 1168 1236 1231 traduntur:
1283 1167 1442 1230 Τούς
1482 1162 1970 1244 δ’ἀνδροφόνους
2007 1172 2236 1233 ἐξεῖναι
2277 1162 2653 1231 ἀποκτείνων
2694 1174 2761 1230 ἐν
2801 1172 2879 1245 τῇ
2918 1164 3202 1243 ἡμεδαπῇ
3240 1172 3351 1229 καὶ
3388 1163 3672 1245 ἀπάγειν,
3714 1174 4124 1245 λυμαίνεσθαι

491 1280 558 1337 δὲ
596 1274 680 1353 μὴ
720 1282 870 1354 μηδὲ
910 1272 1178 1339 ἇκοινᾶν
1217 1274 1264 1355 ἤ
1303 1280 1564 1338 διπλοῦ-ν
1605 1273 1893 1352 ὀφείλειν,
1937 1269 2088 1338 ὅσον
2129 1272 2212 1338 ἂν
2254 1276 2661 1357 καταβλάψῃ.
2686 1326 2705 1346 .
2728 1328 2747 1345 .
2841 1280 2942 1341 Ad
2984 1278 3325 1342 homicidas
3368 1287 3576 1343 contra
3613 1280 3721 1357 jus
3762 1282 3823 1342 in
3866 1282 4115 1359 patriam

487 1388 812 1448 redeuntes
853 1389 1048 1465 legem
1093 1404 1238 1450 esse
1277 1387 1655 1450 referendam
1697 1389 1900 1449 minus
1943 1388 2190 1465 quidem
2235 1388 2527 1467 probatur
2564 1390 2869 1451 vocabulo
2894 1383 3371 1464 ηάνδροφὸνοθ,
3394 1391 3565 1466 quod
3608 1397 3729 1451 tam
3770 1398 3942 1467 urget
3984 1408 4119 1453 ora-

490 1506 583 1557 tor
622 1497 1021 1575 interpretans
1063 1498 1130 1576 (5
1173 1496 1256 1560 ²9
1301 1496 1521 1577 sequ),
1565 1514 1705 1558 nam
1747 1498 1788 1575 ξ
1831 1491 1914 1560 80
1957 1498 2176 1560 eodem
2219 1499 2465 1561 nomine
2506 1500 2685 1561 etiam
2728 1498 3068 1561 homicidas
3112 1498 3381 1563 nondum
3426 1502 3485 1561 in
3522 1500 3631 1577 jus
3672 1508 3931 1563 vocatos
3974 1518 4119 1563 con-

485 1606 932 1686 demnatosque
974 1608 1292 1685 significari
1338 1608 1646 1681 videmus3
1713 1614 1974 1670 attamen
2015 1608 2309 1686 probatur
2368 1610 2505 1686 ipsa
2546 1608 2802 1673 oratoris
2848 1610 3145 1688 opinione,
3212 1610 3439 1686 quippe
3482 1612 3587 1687 qui
3644 1614 3877 1673 noverit
3916 1612 4115 1688 legum

487 1731 846 1789 connexum,
893 1718 1184 1795 probatur
1223 1725 1283 1780 et
1323 1734 1417 1791 eo,
1443 1716 1612 1794 quod
1655 1716 1992 1779 abducendi
2034 1724 2264 1781 tantum
2288 1727 2349 1779 et
2370 1718 2682 1783 occidendi
2724 1718 3071 1783 homicidae
3108 1719 3177 1779 fit
3197 1718 3419 1782 mentio
3464 1735 3667 1797 neque
3708 1722 3850 1781 item
3886 1720 4115 1797 judicii.

485 1830 571 1888 At
610 1826 933 1905 quaeritur,
979 1830 1215 1889 ettinam
1259 1828 1490 1889 licuerit
1531 1827 1866 1888 interficere
1905 1834 1967 1904 et
2007 1826 2315 1891 abducere
2355 1808 2737 1891 homicidam.
2822 1830 2913 1891 Ex
2960 1830 3051 1901 iis,
3076 1844 3239 1907 quae
3280 1828 3487 1889 addita
3526 1838 3667 1891 sunt
3707 1830 3797 1909 τῷ
3837 1824 4117 1903 ἀνάγων,

487 1937 615 1999 scil.
658 1939 1066 2010 λυμαίνεσθαι
1106 1940 1174 1997 δὲ
1211 1933 1317 2013 μή,
1357 1944 1626 2014 apparet,
1691 1935 2074 1999 abducturos
2113 1938 2229 1999 sibi
2271 1936 2531 2004 finxisse
2572 1939 2977 2015 legislatorem
3041 1938 3322 1999 homines
3378 1939 3713 2015 privatos3·
3750 1956 3887 2001 nam
3932 1940 4125 2016 magi-

485 2053 710 2109 stratus
753 2046 996 2109 disertis
1037 2046 1242 2109 verbis
1287 2046 1633 2119 admonere,
1677 2061 1756 2107 ne
1797 2055 2038 2121 vexent,
2082 2063 2246 2125 quos
2288 2046 2610 2121 abducant,
2653 2050 2922 2126 ineptum
2970 2048 3259 2109 videatur.
3370 2048 3901 2125 simplicissimum
3954 2049 4130 2125 igitur

486 2162 581 2217 est
619 2158 918 2218 licentiam
983 2157 1298 2220 occidendi
1339 2158 1520 2217 etiam
1563 2157 1642 2217 ad
1703 2157 1977 2234 privatos
2039 2158 2279 2218 reterre.
2408 2156 2708 2219 Particula
2748 2166 2949 2221 autem
3012 2159 3123 2217 καί
3160 2174 3283 2219 non
3324 2158 3407 2217 ita
3446 2158 3759 2234 conjungit
3808 2158 4015 2229 verba,
4056 2166 4123 2219 ut

488 2266 822 2343 significent
863 2267 1132 2329 actiones
1175 2282 1250 2329 se
1291 2266 1681 2343 excipientes,
1727 2266 1840 2327 sed
1874 2265 2054 2342 Juxta
2095 2274 2415 2345 ponuntur,
2460 2284 2621 2345 quas
2661 2268 2927 2330 rationes
2976 2268 3131 2334 inire
3164 2268 3476 2345 permittat
3514 2267 3633 2328 lex.
3680 2266 3765 2329 Gs.
3810 2268 3963 2328 Dem
3982 2270 4129 2329 Tim.

493 2376 630 2449 113,
672 2394 730 2455 p.
777 2376 930 2452 7363
995 2376 1274 2439 Pantaen.
1320 2376 1420 2448 59,
1464 2392 1523 2453 p.
1569 2374 1711 2439 993.
1815 2377 2018 2438 Aliam
2061 2378 2212 2453 legis
2276 2378 2825 2455 interpretationem
2886 2378 3261 2439 Weberus
3328 2376 3575 2441 exbibet
3642 2378 3704 2453 (l.
3750 2394 3801 2439 c.
3846 2392 3904 2453 p.
3958 2376 4121 2450 ¹85),

485 2486 742 2548 verbum
787 2479 1160 2546 ἀποκτείνειν
1199 2486 1277 2547 ad
1319 2486 1727 2561 magistratus,
1773 2478 2038 2559 ἀπάγων
2079 2487 2155 2547 ad
2201 2489 2485 2565 quemvis
2530 2488 2751 2549 civium
2794 2489 3091 2565 pertinere
3112 2494 3353 2564 putans.
3398 2486 3521 2549 Sed
3566 2502 3825 2565 quoquo
3846 2502 4127 2549 connexu

485 2598 682 2672 legem
731 2612 869 2659 cum
909 2596 1168 2673 reliquis
1209 2594 1634 2657 cohaerentem
1677 2595 1859 2656 nobis
1901 2596 2206 2673 finglmuS,
2275 2598 2333 2657 si
2374 2596 2691 2677 occidendi
2750 2603 2812 2657 et
2852 2596 3192 2659 abducendi
3252 2597 3525 2659 actiones
3567 2596 3647 2658 ad
3690 2598 3973 2659 diversos
4016 2598 4129 2658 ho-

485 2706 682 2767 mines
724 2706 1024 2783 pertinere
1063 2704 1258 2766 voluit
1297 2705 1621 2783 legislator,
1667 2704 1874 2767 debuit
1915 2722 2030 2768 eos
2069 2708 2393 2784 appellare.
2496 2708 2643 2783 Quis
2682 2722 2952 2784 nmquam
2996 2708 3193 2783 legem
3238 2714 3379 2769 tam·
3407 2708 3696 2768 incertam
3738 2707 3887 2781 tulit,
3930 2709 4128 2786 qualis

486 2816 675 2878 haec:
722 2817 896 2890 „licet
937 2813 1274 2876 homicidas
1317 2817 1654 2878 interlicere
1695 2823 1757 2876 et
1795 2815 2156 2890 abducere“,
2225 2819 2278 2878 si
2323 2825 2523 2879 certos
2568 2823 2631 2878 et
2671 2817 2925 2882 eosdem
2972 2817 3269 2890 homines
3316 2817 3545 2894 quibus
3586 2818 3813 2892 liceret,
3856 2835 3976 2880 non
4020 2817 4127 2878 ha·

487 2927 619 2988 buit
659 2927 720 2985 in
761 2925 1010 2985 mente?
1095 2923 1414 2988 Praeterea
1453 2927 1700 2987 inverso
1743 2925 1957 2987 ordine
1997 2928 2287 2988 actiones
2332 2925 2680 2989 afferuntur.
2790 2929 2979 3004 Quam
3024 2927 3297 3004 quidem⁴
3334 2927 3741 2988 difficultatem
3810 2945 3908 3000 eo,
3928 2929 4129 2988 tollere

491 3035 694 3098 studet
733 3034 855 3104 W„
920 3041 992 3095 ut
1029 3035 1483 3114 interpretetur:
1550 3035 1868 3108 „occidere
1909 3042 1968 3096 et
2010 3036 2319 3098 abducere
2358 3036 2677 3113 quidem“;
2744 3037 2822 3097 ad
2864 3037 3115 3099 modum
3158 3037 3335 3109 enim,
3400 3038 3608 3114 inquit,
3658 3037 4132 3114 significandum,

491 3161 618 3224 quo
663 3143 862 3206 delicti
905 3147 1182 3208 executio
1229 3165 1266 3206 a
1307 3147 1758 3223 magistratibus
1802 3145 1958 3208 effici
2003 3155 2234 3224 posset,
2277 3145 2551 3208 additum
2596 3147 2911 3207 existimes
2954 3150 3099 3218 „uad
3141 3139 3455 3220 denir-nst.
3541 3147 3643 3220 At,
3688 3165 3945 3225 quaeso,
3988 3163 4137 3208 num

489 3255 716 3316 modus
761 3254 1041 3331 supplicii
1085 3255 1460 3332 exsequendi
1485 3257 1778 3320 indicatur
1817 3259 1910 3337 τῷ
1951 3250 2252 3331 Andreas-¹?
2275 3287 2360 3302 —
2381 3255 2597 3335 Neque
2638 3273 2785 3318 vero
2808 3255 2989 3318 nimis
3028 3255 3243 3317 duram
3266 3255 3709 3335 crudelemque
3750 3257 3947 3317 visam
3988 3270 4131 3317 esse

493 3365 744 3426 Graecis
785 3363 1092 3440 eiusmodi
1134 3365 1432 3426 licentiam
1477 3367 1714 3443 privam
1757 3367 1975 3439 datam,
2021 3368 2310 3444 probatur
2354 3365 2567 3430 iisdem
2610 3367 2875 3430 Platonis
2918 3368 3259 3444 praeceptis
3300 3367 3479 3443 (legg.
3522 3367 3626 3438 lx,
3670 3365 3787 3428 871
3836 3361 3950 3437 D):
4014 3362 4132 3426 ἐὰν

495 3477 559 3534 δέ
599 3489 686 3532 τις
727 3475 910 3550 ἐπιβῇ
947 3469 1186 3534 τούτων
1227 3477 1332 3550 τῆς
1372 3478 1488 3535 tor?
1529 3478 1938 3550 φονευθέντος
1977 3469 2204 3550 κύματ,
2249 3472 2285 3536 ὁ
2329 3472 2693 3550 προστυχών
2732 3479 2971 3551 κρότος
3010 3477 3137 3534 τοῖν
3178 3477 3423 3536 οἰκείων
3462 3477 3577 3534 τοεῑ
3614 3467 4043 3536 &omer-roc
4082 3469 4127 3550 ἢ

493 3586 601 3644 καὶ
645 3583 774 3642 τόν
816 3586 1084 3644 πολιτῶν
1127 3578 1338 3645 duim
1401 3587 1670 3646 urard-rao
1713 3579 1758 3662 ἢ
1799 3581 1992 3662 δήσας
2051 3594 2178 3644 τοῖς
2221 3581 2484 3659 ἄρχουσι
2527 3580 2873 3658 παραδότω.
3000 3585 3345 3646 Εκθιιεαωι·
3408 3591 3607 3644 autem
3670 3583 3773 3644 lex
3828 3603 3867 3646 a
3909 3587 4131 3648 nostris

497 3693 744 3771 quidem
787 3695 1001 3756 animis
1053 3693 1390 3757 abhorrens
1433 3695 1896 3758 Atheniensium
1959 3694 2261 3772 religione,
2308 3711 2499 3772 quum
2540 3694 2833 3754 redeunte
2872 3693 3177 3756 homicida
3220 3703 3407 3756 totam
3470 3693 3723 3770 patriam
3768 3697 3953 3772 pollui
3998 3693 4123 3752 exi-

497 3805 823 3866 stimarent.
933 3803 1209 3867 Ceterum
1253 3805 1616 3868 homicidam
1659 3806 1738 3866 ad
1781 3805 2226 3882 thesmothetas
2267 3804 2615 3866 ducendum
2670 3805 2880 3875 fuisse,
2926 3806 3199 3882 sequitur
3238 3820 3315 3865 ex
3360 3803 3453 3874 iis,
3498 3819 3659 3880 quae
3689 3805 3866 3866 addit
3906 3807 4131 3863 orator.

699 3915 764 3976 Si
807 3931 956 3976 vero
999 3915 1134 3992 ipse
1175 3914 1508 3976 interficere
1551 3917 1647 3976 vel
1691 3915 2000 3978 abducere
2019 3917 2212 3978 noluit
2251 3916 2411 3993 quis,
2458 3917 2512 3976 ei
2552 3921 2753 3975 tannen
2795 3913 3045 3976 licuisse
3086 3913 3533 3990 magistratibus
3574 3911 3937 3978 homicidam
3982 3913 4133 3972 intra

495 4023 726 4102 patriae
789 4025 944 4086 fines
1007 4034 1350 4086 versantem
1393 4025 1671 4097 indicare,
1739 4041 1928 4102 quum
1971 4042 2082 4103 per
2145 4043 2220 4087 se
2259 4034 2359 4086 est
2416 4007 2929 4096 verisimillimum,
2998 4033 3123 4086 tum
3187 4022 3479 4099 probatur
3540 4025 3675 4099 lege
3716 4020 3757 4097 ᾖ
3798 4022 3873 4083 tt
3925 4023 4133 4084 allata:

497 4128 702 4208 φόνου
724 4137 790 4192 δὲ
830 4137 1006 4194 δίκας
1045 4131 1128 4209 μὴ
1169 4135 1326 4194 εἶναι
1345 4135 1635 4210 μηδαμοῦ
1673 4133 1834 4194 κατὰ
1875 4137 2004 4195 τῶν
2043 4132 2188 4195 τούς
2207 4131 2555 4210 φεύγοντας
2596 4128 3049 4206 ἐνδεικνύντων,
3071 4127 3187 4192 ἐάν
3226 4147 3313 4191 τις
3354 4137 3559 4208 κατίῃ,
3584 4125 3727 4192 ὅκοι
3767 4127 3850 4208 μὴ
3891 4135 4133 4197 laam.

497 4245 665 4318 Quae
729 4243 974 4320 quidem
1039 4245 1140 4305 lex
1203 4245 1460 4321 primum
1527 4245 1861 4322 inspicienti
1927 4261 2116 4307 sensu
2157 4261 2369 4306 carere
2408 4243 2725 4306 videbitur.
2812 4243 2963 4305 Nam
3028 4243 3341 4319 quomodo
3384 4243 3581 4322 potuit
3640 4243 3820 4306 alictii
3862 4244 3921 4302 in
3962 4257 4131 4302 men-

497 4363 618 4414 tem
663 4354 886 4426 venire,
952 4369 1092 4415 eum
1135 4354 1213 4415 de
1255 4355 1445 4418 caede
1491 4357 1816 4431 postulare,
1882 4357 1986 4432 qui
2031 4355 2397 4417 homicidam
2460 4369 2775 4416 reversum
2838 4353 3289 4431 magistratibus
3332 4353 3699 4416 indicasset?
3760 4353 3809 4414 Ε
3853 4365 4137 4418 connexu

501 4465 648 4536 scil„
691 4479 874 4539 quem
920 4465 978 4524 in
1019 4466 1303 4525 columna
1345 4467 1544 4539 legum
1587 4463 1814 4537 habuit,
1861 4467 2146 4541 explicari
2188 4473 2415 4525 tantum
2462 4473 2679 4542 potest,
2726 4481 2833 4528 cur
2876 4481 3009 4526 eam
3054 4465 3309 4528 ediderit
3348 4465 3676 4540 legislator.
3723 4460 3845 4524 Sed
3890 4463 4135 4540 quinam

501 4581 631 4635 erat
671 4575 1024 4636 connexus?
1069 4574 1324 4651 conjicit
1363 4574 2192 4637 Westermannus'hanc
2233 4576 2429 4651 legem
2472 4575 2553 4636 illi
2596 4575 2637 4652 5
2680 4573 2761 4638 37
2806 4577 3021 4638 citatae
3064 4585 3265 4654 aptam
3307 4575 3515 4645 fuisse,
3563 4587 3722 4651 quae
3764 4571 4131 4639 honncidam

499 4684 827 4744 interdictis
871 4684 1024 4745 locis
1071 4699 1140 4745 se
1157 4747 1162 4752 ,
1181 4685 1580 4746 abstinentem
1623 4685 1960 4750 interficere
2001 4692 2180 4746 vetet.
2290 4686 2425 4746 Hoc
2468 4699 2615 4746 vero
2680 4684 2825 4746 nihil
2870 4686 3221 4762 explicatur.
3329 4683 3483 4744 Nam
3536 4689 3829 4761 qnantum
3870 4683 4136 4752 interest,

503 4795 555 4854 si
599 4795 740 4869 quis
781 4803 1038 4856 mortem
1080 4791 1257 4854 affert
1295 4795 1672 4869 interfectori,
1715 4795 1822 4857 ubi
1865 4796 2017 4868 licet,
2065 4795 2345 4866 versanti,
2390 4801 2577 4871 atque
2618 4796 2671 4856 si
2714 4797 3165 4871 magistratibus
3200 4795 3439 4871 ,iustum
3478 4793 3725 4855 limitem
3766 4792 4126 4865 transgressi

503 4903 696 4964 defert
735 4905 999 4966 nomen?
1021 4933 1106 4948 ·-
1125 4903 1313 4965 Paulo
1357 4904 1664 4966 diversam
1707 4905 2130 4982 interpretandi
2193 4905 2489 4966 rationem
2532 4901 2637 4966 init
2678 4906 3075 4969 Weberus.
3182 4905 3401 4968 Statuit
3440 4906 3591 4965 inter
3630 4903 3791 4964 hanc
3831 4902 4027 4976 legem
4070 4909 4129 4962 et

505 5029 657 5085 eam,
704 5027 866 5089 quae
907 5015 946 5090 ξ
991 5012 1072 5077 28
1114 5013 1376 5087 affertur,
1423 5015 1600 5076 aliam
1645 5015 2016 5092 interjectam
2061 5029 2204 5078 esse
2244 5015 2435 5092 hujus
2480 5016 2607 5076 iere
2656 5017 2989 5091 argumenti
3044 5017 3135 5090 „si
3176 5015 3321 5092 quis
3362 5013 3730 5078 homicidam
3784 5011 3844 5072 in
3890 5011 4138 5087 patriam

513 5287 623 5317 ’.ι
